time,sym,bid,ask,bidSize,askSize
0D20:15:19.252786000,x1,99.97558,100.0558,358,353
0D20:15:19.252791000,x1,99.90437,100.0793,290,404
0D20:15:19.283170000,x3,299.9878,300.021,34,7
0D20:15:19.283175000,x3,299.9233,300.0263,243,116
0D20:15:19.592895000,x1,99.90565,100.0861,443,53
0D20:15:19.592912000,x1,99.90598,100.0663,198,49
0D20:15:19.682590000,x2,199.9848,200.0704,416,255
0D20:15:19.682599000,x2,199.9642,200.0101,247,472
0D20:15:19.842709000,x1,99.95839,100.0047,348,258
0D20:15:19.842721000,x1,99.92426,100.029,153,219
0D20:15:20.333591000,x1,99.99168,100.0092,159,151
0D20:15:20.333600000,x1,99.96432,100.0452,466,75
0D20:15:20.432391000,x1,99.94143,100.0218,460,138
0D20:15:20.432397000,x1,99.93103,100.0007,191,222
0D20:15:20.653376000,x2,199.9755,200.0624,100,49
0D20:15:20.653394000,x2,199.9253,200.0156,443,330
0D20:15:20.663253000,x1,99.94759,100.0612,331,360
0D20:15:20.663270000,x1,99.9147,100.0887,326,69
0D20:15:20.833147000,x1,99.94942,100.0167,207,70
0D20:15:20.833164000,x1,99.98912,100.0533,219,125
0D20:15:20.932520000,x2,199.9214,200.0822,457,431
0D20:15:20.932530000,x2,199.9588,200.0231,485,275
0D20:15:20.943562000,x2,199.9675,200.0724,408,135
0D20:15:20.943571000,x2,199.9717,200.0992,456,428
0D20:15:21.152361000,x2,199.9401,200.0084,424,352
0D20:15:21.152369000,x2,199.9975,200.0648,391,85
0D20:15:21.253253000,x3,299.9924,300.054,90,84
0D20:15:21.253270000,x3,299.9146,300.0192,197,330
0D20:15:21.403071000,x2,199.9879,200.0795,445,96
0D20:15:21.403081000,x2,199.9111,200.0709,156,290
0D20:15:21.413082000,x3,299.9823,300.0419,294,448
0D20:15:21.413099000,x3,299.9427,300.025,402,152
0D20:15:21.733088000,x2,199.9964,200.0981,427,163
0D20:15:21.733105000,x2,199.9553,200.0252,103,377
0D20:15:21.862377000,x3,299.9246,300.056,465,459
0D20:15:21.862381000,x3,299.9358,300.0779,395,352
0D20:15:21.972818000,x3,299.9038,300.0688,453,241
0D20:15:21.972824000,x3,299.9984,300.035,424,395
0D20:15:22.103411000,x2,199.9719,200.0727,29,325
0D20:15:22.103419000,x2,199.9354,200.0659,109,34
0D20:15:22.133340000,x2,199.964,200.0507,486,358
0D20:15:22.133357000,x2,199.9702,200.0755,187,28
0D20:15:22.193069000,x3,299.9787,300.0475,157,449
0D20:15:22.193082000,x3,299.9489,300.028,133,48
0D20:15:22.302175000,x3,299.9053,300.0404,475,34
0D20:15:22.302178000,x3,299.9934,300.0878,323,377
0D20:15:22.322408000,x2,199.9728,200.0488,232,109
0D20:15:22.322414000,x2,199.9409,200.0396,489,220
0D20:15:22.432463000,x1,99.94487,100.0277,381,5
0D20:15:22.432467000,x1,99.97458,100.0419,374,63
0D20:15:22.553430000,x3,299.9589,300.0965,359,293
0D20:15:22.553435000,x3,299.934,300.0369,201,153
0D20:15:22.712619000,x1,99.93269,100.0979,482,34
0D20:15:22.712626000,x1,99.96281,100.0143,122,117
0D20:15:22.722701000,x1,99.91287,100.0992,461,189
0D20:15:22.722708000,x1,99.92362,100.0592,284,166
0D20:15:22.732588000,x1,99.95852,100.0055,397,177
0D20:15:22.732595000,x1,99.97678,100.0663,382,423
0D20:15:22.852646000,x3,299.9972,300.0066,362,297
0D20:15:22.852653000,x3,299.9244,300.0387,434,462
0D20:15:22.922592000,x2,199.9895,200.0484,142,474
0D20:15:22.922599000,x2,199.9903,200.0764,137,493
0D20:15:22.963673000,x3,299.942,300.0081,262,398
0D20:15:22.963690000,x3,299.9356,300.021,441,170
0D20:15:23.052443000,x1,99.93708,100.0763,413,54
0D20:15:23.052453000,x1,99.98799,100.003,313,473
0D20:15:23.082907000,x1,99.91776,100.0772,278,93
0D20:15:23.082917000,x1,99.9061,100.0734,149,284
0D20:15:23.132734000,x3,299.9067,300.0807,6,12
0D20:15:23.132743000,x3,299.9114,300.0007,155,464
0D20:15:23.212606000,x2,199.9557,200.0067,206,230
0D20:15:23.212612000,x2,199.9733,200.0381,436,481
0D20:15:23.232866000,x2,199.9568,200.0828,497,333
0D20:15:23.232872000,x2,199.9224,200.0942,247,30
0D20:15:23.332785000,x3,299.9526,300.0624,35,42
0D20:15:23.332790000,x3,299.9079,300.0212,16,66
0D20:15:23.342338000,x1,99.92872,100.0189,45,287
0D20:15:23.342343000,x1,99.96125,100.0275,359,257
0D20:15:23.713093000,x1,99.9923,100.0558,174,387
0D20:15:23.713103000,x1,99.91988,100.0734,373,239
0D20:15:24.293598000,x3,299.9734,300.0044,244,162
0D20:15:24.293614000,x3,299.9965,300.055,336,381
0D20:15:24.373901000,x3,299.9671,300.0877,351,147
0D20:15:24.373918000,x3,299.992,300.088,212,167
0D20:15:24.483384000,x1,99.95536,100.0251,320,468
0D20:15:24.483396000,x1,99.90129,100.0208,108,36
0D20:15:24.602842000,x1,99.95428,100.0548,456,168
0D20:15:24.602847000,x1,99.97177,100.072,76,171
0D20:15:24.683189000,x1,99.94966,100.0577,107,359
0D20:15:24.683206000,x1,99.95631,100.0602,483,381
0D20:15:24.762675000,x2,199.9043,200.0022,413,322
0D20:15:24.762682000,x2,199.9299,200.0661,66,364
0D20:15:24.773119000,x3,299.9467,300.0604,352,409
0D20:15:24.773126000,x3,299.9709,300.0145,131,227
0D20:15:25.012637000,x1,99.91571,100.087,34,50
0D20:15:25.012647000,x1,99.91232,100.0295,138,148
0D20:15:25.064569000,x2,199.9369,200.0936,471,248
0D20:15:25.064580000,x2,199.9574,200.0848,239,13
0D20:15:25.083314000,x1,99.90234,100.0141,70,77
0D20:15:25.083319000,x1,99.98016,100.035,299,158
0D20:15:25.282428000,x1,99.94434,100.0717,447,413
0D20:15:25.282432000,x1,99.94697,100.0552,214,209
0D20:15:25.642655000,x1,99.97618,100.0506,16,389
0D20:15:25.642660000,x1,99.97489,100.0081,286,215
0D20:15:25.712651000,x1,99.92825,100.0222,233,485
0D20:15:25.712656000,x1,99.92392,100.0304,399,384
0D20:15:25.942616000,x1,99.98977,100.0407,84,123
0D20:15:25.942622000,x1,99.9143,100.0262,82,12
0D20:15:26.193047000,x3,299.9564,300.0802,137,267
0D20:15:26.193064000,x3,299.9222,300.0147,481,297
0D20:15:26.283765000,x1,99.93399,100.0571,292,195
0D20:15:26.283781000,x1,99.90868,100.0276,311,207
0D20:15:26.292894000,x1,99.96538,100.0019,359,207
0D20:15:26.292906000,x1,99.97892,100.0558,263,456
0D20:15:26.332919000,x2,199.9378,200.0498,488,166
0D20:15:26.332929000,x2,199.9958,200.0196,215,243
0D20:15:26.452676000,x1,99.91132,100.0434,455,361
0D20:15:26.452681000,x1,99.91826,100.0613,97,442
0D20:15:26.573565000,x2,199.9407,200.0477,71,295
0D20:15:26.573578000,x2,199.9447,200.0868,437,378
0D20:15:26.593462000,x3,299.9961,300.0396,68,474
0D20:15:26.593473000,x3,299.9576,300.0764,417,324
0D20:15:26.723762000,x1,99.97492,100.0039,320,167
0D20:15:26.723766000,x1,99.95866,100.0222,312,66
0D20:15:26.813457000,x2,199.9746,200.0071,259,444
0D20:15:26.813463000,x2,199.9259,200.0611,237,220
0D20:15:26.943742000,x1,99.9779,100.0938,45,274
0D20:15:26.943755000,x1,99.94014,100.0861,425,174
0D20:15:26.983031000,x3,299.9139,300.0698,362,129
0D20:15:26.983043000,x3,299.9794,300.0357,220,121
0D20:15:27.203509000,x1,99.90449,100.0457,83,136
0D20:15:27.203526000,x1,99.92451,100.0384,476,182
0D20:15:27.343154000,x3,299.9998,300.0318,471,420
0D20:15:27.343164000,x3,299.9113,300.0155,339,390
0D20:15:27.613187000,x1,99.93479,100.0801,211,86
0D20:15:27.613192000,x1,99.94361,100.038,196,222
0D20:15:27.652864000,x3,299.9921,300.0786,142,81
0D20:15:27.652868000,x3,299.9333,300.0532,411,340
0D20:15:27.672862000,x2,199.9791,200.0032,320,69
0D20:15:27.672867000,x2,199.9593,200.0286,136,191
0D20:15:27.812983000,x1,99.96317,100.0173,304,189
0D20:15:27.812995000,x1,99.94297,100.0337,233,298
0D20:15:27.893964000,x3,299.9133,300.0235,467,96
0D20:15:27.893976000,x3,299.9822,300.0825,126,201
0D20:15:27.913037000,x3,299.9868,300.0747,399,461
0D20:15:27.913055000,x3,299.9003,300.0492,194,246
0D20:15:28.163899000,x2,199.9165,200.0255,19,444
0D20:15:28.163914000,x2,199.9502,200.0137,458,33
0D20:15:28.343529000,x2,199.9643,200.042,460,445
0D20:15:28.343541000,x2,199.9524,200.0655,468,426
0D20:15:28.393079000,x1,99.90419,100.0669,265,209
0D20:15:28.393086000,x1,99.92493,100.047,397,439
0D20:15:28.462909000,x2,199.9218,200.0612,374,163
0D20:15:28.462927000,x2,199.9379,200.0624,249,161
0D20:15:28.553010000,x1,99.99203,100.0956,348,207
0D20:15:28.553022000,x1,99.95377,100.0479,9,318
0D20:15:28.623035000,x3,299.9958,300.0172,125,417
0D20:15:28.623047000,x3,299.9089,300.098,404,211
0D20:15:28.672692000,x1,99.96198,100.022,225,299
0D20:15:28.672697000,x1,99.91653,100.0331,246,423
0D20:15:28.702467000,x2,199.921,200.0337,314,231
0D20:15:28.702472000,x2,199.9881,200.0843,343,297
0D20:15:28.792858000,x2,199.9636,200.0795,69,343
0D20:15:28.792863000,x2,199.9424,200.0672,183,267
0D20:15:28.802706000,x2,199.9881,200.04,149,363
0D20:15:28.802711000,x2,199.9517,200.0122,150,64
0D20:15:29.062491000,x3,299.983,300.0555,457,224
0D20:15:29.062497000,x3,299.917,300.0042,313,202
0D20:15:29.072479000,x1,99.93478,100.0439,357,233
0D20:15:29.072485000,x1,99.90393,100.0024,254,345
0D20:15:29.273238000,x2,199.9404,200.0435,241,190
0D20:15:29.273250000,x2,199.9818,200.0748,185,252
0D20:15:29.412596000,x2,199.9295,200.0427,149,334
0D20:15:29.412600000,x2,199.9622,200.087,458,120
0D20:15:29.522750000,x1,99.93682,100.0883,403,121
0D20:15:29.522764000,x1,99.98446,100.0589,31,444
0D20:15:29.592942000,x2,199.956,200.0482,106,420
0D20:15:29.592954000,x2,199.9507,200.0349,62,283
0D20:15:29.632990000,x3,299.9182,300.0516,219,466
0D20:15:29.633003000,x3,299.9732,300.0849,276,59
0D20:15:29.742416000,x2,199.9365,200.0343,43,42
0D20:15:29.742420000,x2,199.98,200.0919,397,48
0D20:15:29.762326000,x3,299.9818,300.001,449,94
0D20:15:29.762330000,x3,299.9633,300.0667,189,365
0D20:15:29.872454000,x1,99.93166,100.015,359,259
0D20:15:29.872458000,x1,99.90551,100.0665,266,10
0D20:15:29.882785000,x1,99.90324,100.023,217,349
0D20:15:29.882790000,x1,99.92652,100.065,450,411
0D20:15:30.052977000,x2,199.9355,200.0667,194,96
0D20:15:30.052988000,x2,199.9565,200.0544,387,43
0D20:15:30.222917000,x3,299.9998,300.0641,150,65
0D20:15:30.222929000,x3,299.917,300.0664,490,257
0D20:15:30.492513000,x3,299.9946,300.0271,176,111
0D20:15:30.492523000,x3,299.946,300.0684,219,300
0D20:15:30.513509000,x2,199.9168,200.0576,62,138
0D20:15:30.513513000,x2,199.947,200.0247,317,125
0D20:15:30.593077000,x1,99.92071,100.0566,292,191
0D20:15:30.593082000,x1,99.92691,100.0809,369,256
0D20:15:30.602215000,x2,199.9186,200.0653,339,475
0D20:15:30.602220000,x2,199.9889,200.0142,65,99
0D20:15:30.712419000,x3,299.9021,300.0933,324,296
0D20:15:30.712424000,x3,299.9387,300.0567,476,264
0D20:15:30.752337000,x2,199.9384,200.0488,31,75
0D20:15:30.752342000,x2,199.9938,200.0047,188,62
0D20:15:30.912960000,x1,99.99837,100.0435,496,83
0D20:15:30.912976000,x1,99.99564,100.0495,420,151
0D20:15:31.003117000,x2,199.9076,200.0809,198,122
0D20:15:31.003122000,x2,199.9372,200.0283,277,364
0D20:15:31.283024000,x3,299.914,300.02,114,432
0D20:15:31.283036000,x3,299.9761,300.0624,200,98
0D20:15:31.293058000,x1,99.97547,100.0433,243,180
0D20:15:31.293070000,x1,99.98393,100.0722,346,447
0D20:15:31.383530000,x3,299.9432,300.0812,118,10
0D20:15:31.383542000,x3,299.9146,300.0418,33,256
0D20:15:31.422898000,x2,199.9198,200.0934,381,450
0D20:15:31.422907000,x2,199.9311,200.0483,59,358
0D20:15:31.622785000,x2,199.9483,200.0197,217,66
0D20:15:31.622791000,x2,199.9464,200.0726,461,166
0D20:15:31.652591000,x3,299.9879,300.0561,66,30
0D20:15:31.652596000,x3,299.9684,300.0738,254,18
0D20:15:31.722973000,x1,99.91812,100.0609,320,316
0D20:15:31.722978000,x1,99.93418,100.0659,483,342
0D20:15:31.972684000,x2,199.9941,200.0259,280,459
0D20:15:31.972690000,x2,199.9559,200.0893,427,310
0D20:15:31.982517000,x3,299.9459,300.0948,55,279
0D20:15:31.982524000,x3,299.9532,300.0122,341,235
0D20:15:31.992400000,x2,199.9301,200.005,15,229
0D20:15:31.992408000,x2,199.9055,200.036,425,341
0D20:15:32.032806000,x2,200,200.0368,491,476
0D20:15:32.032811000,x2,199.9528,200.0103,417,53
0D20:15:32.302849000,x2,199.9414,200.0482,399,336
0D20:15:32.302856000,x2,199.9579,200.0986,389,3
0D20:15:32.362689000,x2,199.9554,200.0641,248,81
0D20:15:32.362693000,x2,199.9224,200.044,480,81
0D20:15:32.372650000,x1,99.9822,100.0232,99,74
0D20:15:32.372656000,x1,99.97956,100.0019,457,441
0D20:15:32.592634000,x3,299.9095,300.0916,228,187
0D20:15:32.592639000,x3,299.9298,300.0249,468,237
0D20:15:32.633261000,x3,299.9498,300.0835,178,72
0D20:15:32.633278000,x3,299.9897,300.0367,88,196
0D20:15:32.673174000,x2,199.901,200.0144,131,300
0D20:15:32.673185000,x2,199.9822,200.0911,29,73
0D20:15:32.712752000,x2,199.923,200.0714,84,156
0D20:15:32.712756000,x2,199.9541,200.0833,10,306
0D20:15:32.742771000,x2,199.9574,200.0547,127,141
0D20:15:32.742776000,x2,199.9384,200.0582,97,472
0D20:15:32.812318000,x3,299.9164,300.043,355,313
0D20:15:32.812323000,x3,299.9734,300.0232,315,474
0D20:15:32.943969000,x2,199.9588,200.0993,442,348
0D20:15:32.943986000,x2,199.9955,200.0135,244,214
0D20:15:32.963252000,x3,299.9273,300.0697,362,458
0D20:15:32.963269000,x3,299.9686,300.0116,193,219
0D20:15:33.032546000,x2,199.9601,200.0294,202,402
0D20:15:33.032551000,x2,199.9371,200.0885,221,356
0D20:15:33.062608000,x3,299.916,300.0652,161,110
0D20:15:33.062614000,x3,299.918,300.0548,248,3
0D20:15:33.122724000,x2,199.9672,200.0442,490,213
0D20:15:33.122729000,x2,199.9176,200.0384,420,495
0D20:15:33.332895000,x2,199.9019,200.0807,460,444
0D20:15:33.332901000,x2,199.9194,200.0014,105,72
0D20:15:33.373074000,x3,299.957,300.04,1,381
0D20:15:33.373080000,x3,299.9665,300.0506,477,312
0D20:15:33.393162000,x3,299.9125,300.0701,80,458
0D20:15:33.393167000,x3,299.9423,300.047,189,33
0D20:15:33.412645000,x3,299.9232,300.0149,375,412
0D20:15:33.412662000,x3,299.9056,300.0095,312,250
0D20:15:33.482698000,x3,299.9294,300.0553,489,173
0D20:15:33.482703000,x3,299.9814,300.0072,255,417
0D20:15:33.533035000,x2,199.9401,200.0471,341,439
0D20:15:33.533040000,x2,199.9712,200.0875,366,23
0D20:15:33.582587000,x2,199.9065,200.0117,169,324
0D20:15:33.582593000,x2,199.9914,200.0518,116,146
0D20:15:33.812639000,x3,299.9553,300.089,28,280
0D20:15:33.812644000,x3,299.9451,300.0311,23,79
0D20:15:33.972515000,x2,199.9486,200.0848,226,339
0D20:15:33.972520000,x2,199.9359,200.0391,482,283
0D20:15:34.132358000,x3,299.9322,300.0721,475,366
0D20:15:34.132363000,x3,299.9082,300.0113,437,78
0D20:15:34.312797000,x1,99.95247,100.0301,309,277
0D20:15:34.312802000,x1,99.96874,100.0789,10,382
0D20:15:34.392308000,x3,299.9047,300.0475,244,63
0D20:15:34.392313000,x3,299.926,300.0292,354,260
0D20:15:34.402194000,x3,299.9928,300.0723,0,115
0D20:15:34.402199000,x3,299.9164,300.0129,10,317
0D20:15:34.462926000,x3,299.9895,300.0273,77,392
0D20:15:34.462944000,x3,299.9096,300.0161,15,280
0D20:15:34.483513000,x2,199.9734,200.0336,22,226
0D20:15:34.483536000,x2,199.9504,200.0871,222,379
0D20:15:34.533879000,x3,299.9044,300.0848,294,433
0D20:15:34.533884000,x3,299.9838,300.0826,361,341
0D20:15:34.682429000,x2,199.9885,200.0077,144,88
0D20:15:34.682446000,x2,199.983,200.0525,453,141
0D20:15:34.703921000,x1,99.93694,100.0577,23,378
0D20:15:34.703940000,x1,99.90193,100.006,117,319
0D20:15:34.833389000,x3,299.9885,300.0813,36,43
0D20:15:34.833397000,x3,299.9009,300.0688,33,65
0D20:15:34.863065000,x3,299.939,300.0899,356,70
0D20:15:34.863070000,x3,299.9301,300.0615,216,393
0D20:15:35.143216000,x3,299.9502,300.0786,440,467
0D20:15:35.143220000,x3,299.9741,300.0305,247,73
0D20:15:35.202912000,x1,99.98436,100.0501,361,464
0D20:15:35.202917000,x1,99.91313,100.0343,196,145
0D20:15:35.282724000,x1,99.92022,100.088,353,305
0D20:15:35.282729000,x1,99.99817,100.0559,339,492
0D20:15:35.322993000,x1,99.96957,100.0405,278,30
0D20:15:35.323010000,x1,99.9525,100.0388,438,478
0D20:15:35.333542000,x2,199.9274,200.0826,269,219
0D20:15:35.333560000,x2,199.9696,200.0459,170,411
0D20:15:35.363465000,x1,99.90709,100.0238,490,305
0D20:15:35.363481000,x1,99.92291,100.06,453,347
0D20:15:35.442584000,x1,99.99542,100.0679,365,470
0D20:15:35.442589000,x1,99.98687,100.0814,101,120
0D20:15:35.473840000,x1,99.93068,100.002,443,404
0D20:15:35.473856000,x1,99.97766,100.0468,305,14
0D20:15:35.513352000,x1,99.90167,100.0457,469,237
0D20:15:35.513359000,x1,99.95479,100.0521,9,285
0D20:15:35.522639000,x3,299.9936,300.0717,361,455
0D20:15:35.522644000,x3,299.9263,300.0578,262,381
0D20:15:35.532436000,x3,299.9374,300.0192,358,452
0D20:15:35.532441000,x3,299.9037,300.028,470,118
0D20:15:35.642397000,x3,299.9675,300.0412,401,407
0D20:15:35.642412000,x3,299.97,300.0228,276,99
0D20:15:36.013524000,x1,99.95239,100.0411,29,232
0D20:15:36.013530000,x1,99.93979,100.099,381,145
0D20:15:36.033519000,x2,199.9801,200.0088,16,35
0D20:15:36.033524000,x2,199.9319,200.0305,445,395
0D20:15:36.053471000,x2,199.9023,200.0443,334,337
0D20:15:36.053476000,x2,199.9683,200.0969,76,147
0D20:15:36.272278000,x3,299.9585,300.0589,416,202
0D20:15:36.272283000,x3,299.911,300.0651,43,412
0D20:15:36.342751000,x3,299.9557,300.0672,73,246
0D20:15:36.342756000,x3,299.9292,300.0978,214,268
0D20:15:36.462705000,x1,99.95201,100.0937,360,83
0D20:15:36.462710000,x1,99.92637,100.0605,50,6
0D20:15:36.502410000,x1,99.91102,100.0837,277,122
0D20:15:36.502416000,x1,99.95946,100.008,314,421
0D20:15:36.772790000,x3,299.9153,300.0491,257,355
0D20:15:36.772794000,x3,299.9566,300.0515,155,475
0D20:15:36.852636000,x1,99.95014,100.0766,266,423
0D20:15:36.852641000,x1,99.93753,100.0734,201,492
0D20:15:36.902695000,x2,199.9998,200.0054,136,387
0D20:15:36.902722000,x2,199.9138,200.0015,256,416
0D20:15:36.992802000,x2,199.92,200.0982,323,388
0D20:15:36.992815000,x2,199.9853,200.0747,138,478
0D20:15:37.043306000,x1,99.98854,100.0608,349,384
0D20:15:37.043312000,x1,99.90416,100.0498,151,116
0D20:15:37.052427000,x2,199.9431,200.0789,417,457
0D20:15:37.052432000,x2,199.9295,200.0419,381,40
0D20:15:37.392744000,x2,199.9617,200.0922,338,367
0D20:15:37.392749000,x2,199.9172,200.0843,29,498
0D20:15:37.633187000,x2,199.9978,200.0498,42,401
0D20:15:37.633203000,x2,199.9339,200.0056,56,315
0D20:15:37.673391000,x3,299.9506,300.0936,177,421
0D20:15:37.673400000,x3,299.9881,300.0335,353,475
0D20:15:37.772541000,x3,299.9552,300.0383,267,108
0D20:15:37.772546000,x3,299.9098,300.0626,224,25
0D20:15:37.782561000,x3,299.9937,300.0229,414,248
0D20:15:37.782566000,x3,299.9518,300.0671,283,322
0D20:15:37.872568000,x3,299.9863,300.0351,42,451
0D20:15:37.872573000,x3,299.9115,300.061,186,28
0D20:15:37.922935000,x2,199.9081,200.046,282,58
0D20:15:37.922940000,x2,199.9309,200.038,139,207
0D20:15:37.973642000,x3,299.9861,300.0177,247,162
0D20:15:37.973660000,x3,299.9027,300.0208,103,305
0D20:15:38.334140000,x1,99.97475,100.0495,73,407
0D20:15:38.334156000,x1,99.93361,100.0987,76,439
0D20:15:38.392593000,x2,199.9229,200.0519,98,284
0D20:15:38.392598000,x2,199.9258,200.0461,142,102
0D20:15:38.483205000,x2,199.9683,200.0371,13,397
0D20:15:38.483210000,x2,199.9901,200.0258,256,393
0D20:15:38.542847000,x3,299.9406,300.0278,251,308
0D20:15:38.542852000,x3,299.9285,300.0575,206,384
0D20:15:38.613604000,x2,199.9991,200.0354,385,412
0D20:15:38.613615000,x2,199.9298,200.0312,495,95
0D20:15:38.643235000,x1,99.98974,100.0157,74,78
0D20:15:38.643247000,x1,99.97444,100.0944,97,233
0D20:15:38.673275000,x1,99.9084,100.0531,433,45
0D20:15:38.673304000,x1,99.90125,100.045,225,455
0D20:15:38.713159000,x2,199.986,200.0047,202,284
0D20:15:38.713164000,x2,199.9943,200.0756,279,410
0D20:15:38.742760000,x3,299.9661,300.0401,355,417
0D20:15:38.742765000,x3,299.9753,300.0918,53,174
0D20:15:38.753142000,x3,299.9076,300.041,457,409
0D20:15:38.753148000,x3,299.9979,300.0355,333,313
0D20:15:38.952577000,x1,99.9429,100.0118,432,243
0D20:15:38.952584000,x1,99.90092,100.0397,373,14
0D20:15:38.982322000,x3,299.9346,300.0446,232,497
0D20:15:38.982326000,x3,299.9325,300.0487,435,166
0D20:15:39.212623000,x2,199.9964,200.0307,411,258
0D20:15:39.212628000,x2,199.9819,200.0076,479,380
0D20:15:39.302889000,x1,99.99007,100.0431,373,366
0D20:15:39.302897000,x1,99.91281,100.0741,145,59
0D20:15:39.512772000,x3,299.9199,300.0227,240,259
0D20:15:39.512778000,x3,299.9677,300.0503,44,384
0D20:15:39.602689000,x3,299.9806,300.0366,238,435
0D20:15:39.602695000,x3,299.9864,300.0444,445,184
0D20:15:39.692968000,x2,199.9053,200.0288,311,266
0D20:15:39.692986000,x2,199.9165,200.0463,138,292
0D20:15:39.703289000,x2,199.9539,200.0813,413,251
0D20:15:39.703299000,x2,199.945,200.0434,403,407
0D20:15:39.733137000,x1,99.9259,100.0232,34,320
0D20:15:39.733147000,x1,99.94765,100.0924,381,360
0D20:15:39.993886000,x2,199.9038,200.0493,210,197
0D20:15:39.993899000,x2,199.9467,200.0095,209,48
0D20:15:40.193821000,x2,199.97,200.0833,432,271
0D20:15:40.193834000,x2,199.9479,200.0973,360,444
0D20:15:40.212685000,x3,299.9054,300.0861,475,16
0D20:15:40.212697000,x3,299.9629,300.0896,219,438
0D20:15:40.252956000,x1,99.94509,100.0229,216,44
0D20:15:40.252969000,x1,99.96594,100.0085,208,402
0D20:15:40.283646000,x3,299.9495,300.0898,447,419
0D20:15:40.283658000,x3,299.9831,300.0506,276,455
0D20:15:40.313268000,x1,99.99491,100.0526,413,88
0D20:15:40.313280000,x1,99.94988,100.0525,483,131
0D20:15:40.323028000,x2,199.9537,200.0667,445,478
0D20:15:40.323040000,x2,199.9782,200.0167,177,49
0D20:15:40.552915000,x3,299.9123,300.0359,78,347
0D20:15:40.552932000,x3,299.9912,300.0199,455,356
0D20:15:40.642383000,x1,99.99212,100.0493,372,46
0D20:15:40.642387000,x1,99.99721,100.0033,134,220
0D20:15:40.652803000,x3,299.9075,300.075,243,360
0D20:15:40.652808000,x3,299.906,300.0458,141,450
0D20:15:40.663265000,x3,299.9776,300.0489,116,406
0D20:15:40.663269000,x3,299.9817,300.0929,231,32
0D20:15:40.723681000,x3,299.9155,300.0061,3,98
0D20:15:40.723685000,x3,299.9671,300.0393,451,243
0D20:15:40.763412000,x1,99.98736,100.0273,238,402
0D20:15:40.763429000,x1,99.99238,100.0663,413,417
0D20:15:40.792500000,x2,199.9492,200.0987,327,269
0D20:15:40.792505000,x2,199.9388,200.0418,478,324
0D20:15:40.962762000,x3,299.9713,300.0189,98,175
0D20:15:40.962772000,x3,299.9443,300.0331,175,393
0D20:15:40.983578000,x1,99.9319,100.0421,163,405
0D20:15:40.983594000,x1,99.98153,100.0111,386,285
0D20:15:41.052913000,x2,199.9271,200.0251,295,301
0D20:15:41.052923000,x2,199.9957,200.0596,227,377
0D20:15:41.132478000,x2,199.9277,200.0017,117,332
0D20:15:41.132484000,x2,199.9271,200.0144,326,38
0D20:15:41.182803000,x2,199.913,200.0656,285,481
0D20:15:41.182808000,x2,199.9523,200.0581,268,44
0D20:15:41.523242000,x3,299.962,300.006,70,354
0D20:15:41.523247000,x3,299.9641,300.0687,24,199
0D20:15:41.532395000,x2,199.9315,200.0809,123,329
0D20:15:41.532400000,x2,199.9899,200.0706,280,425
0D20:15:41.862862000,x2,199.9416,200.06,460,461
0D20:15:41.862866000,x2,199.9516,200.0918,158,497
0D20:15:41.942511000,x1,99.96763,100.079,318,82
0D20:15:41.942515000,x1,99.91535,100.0204,329,344
0D20:15:41.992457000,x2,199.9238,200.0582,428,58
0D20:15:41.992474000,x2,199.988,200.0127,70,38
0D20:15:42.063183000,x3,299.9559,300.0137,410,318
0D20:15:42.063188000,x3,299.9648,300.0046,34,308
0D20:15:42.242267000,x3,299.9143,300.0986,87,119
0D20:15:42.242285000,x3,299.9036,300.0496,262,169
0D20:15:42.292661000,x2,199.9266,200.0962,51,121
0D20:15:42.292668000,x2,199.9067,200.0203,186,222
0D20:15:42.452431000,x3,299.9122,300.0733,216,233
0D20:15:42.452440000,x3,299.9133,300.0927,264,483
0D20:15:42.632537000,x1,99.99688,100.0805,292,149
0D20:15:42.632541000,x1,99.97956,100.0368,429,348
0D20:15:42.652940000,x2,199.9031,200.0716,132,47
0D20:15:42.652943000,x2,199.9234,200.0876,481,95
0D20:15:42.732826000,x3,299.9324,300.0118,4,498
0D20:15:42.732831000,x3,299.9219,300.0258,183,258
0D20:15:42.993209000,x3,299.9571,300.0376,361,350
0D20:15:42.993222000,x3,299.9192,300.0307,159,408
0D20:15:43.013044000,x2,199.9707,200.0966,343,364
0D20:15:43.013056000,x2,199.9564,200.018,72,84
0D20:15:43.133523000,x2,199.9935,200.0363,110,209
0D20:15:43.133557000,x2,199.9724,200.07,303,63
0D20:15:43.143015000,x2,199.9016,200.0917,368,0
0D20:15:43.143020000,x2,199.9738,200.0184,97,139
0D20:15:43.162099000,x1,99.92382,100.0592,344,231
0D20:15:43.162103000,x1,99.94518,100.0773,141,227
0D20:15:43.172369000,x2,199.9749,200.0337,122,27
0D20:15:43.172374000,x2,199.947,200.0631,325,218
0D20:15:43.263225000,x1,99.98232,100.0105,13,181
0D20:15:43.263232000,x1,99.93548,100.0221,116,237
0D20:15:43.282971000,x3,299.9723,300.0541,52,286
0D20:15:43.282978000,x3,299.9766,300.0295,52,316
0D20:15:43.533888000,x3,299.9166,300.0648,471,72
0D20:15:43.533905000,x3,299.919,300.0582,364,326
0D20:15:43.612647000,x2,199.9835,200.0924,418,338
0D20:15:43.612664000,x2,199.9415,200.0385,254,479
0D20:15:43.783649000,x2,199.948,200.0492,483,496
0D20:15:43.783666000,x2,199.9158,200.0443,201,52
0D20:15:43.842653000,x2,199.9195,200.0135,355,51
0D20:15:43.842658000,x2,199.9874,200.0669,346,153
0D20:15:43.913452000,x1,99.98162,100.0413,139,489
0D20:15:43.913467000,x1,99.9763,100.0046,79,169
0D20:15:43.992426000,x1,99.97561,100.0654,228,409
0D20:15:43.992433000,x1,99.9912,100.0638,343,281
0D20:15:44.132233000,x1,99.99403,100.0774,94,420
0D20:15:44.132238000,x1,99.91138,100.0299,494,22
0D20:15:44.282604000,x1,99.94632,100.0851,167,197
0D20:15:44.282609000,x1,99.92624,100.0729,287,149
0D20:15:44.333131000,x1,99.95036,100.0492,36,407
0D20:15:44.333136000,x1,99.99969,100.0936,224,307
0D20:15:44.482460000,x3,299.9859,300.0623,382,387
0D20:15:44.482465000,x3,299.9445,300.027,352,197
0D20:15:44.623482000,x2,199.9124,200.0941,11,294
0D20:15:44.623499000,x2,199.9168,200.0413,447,230
0D20:15:44.802610000,x2,199.9139,200.047,333,357
0D20:15:44.802645000,x2,199.9883,200.012,228,106
0D20:15:44.902605000,x2,199.9876,200.0226,296,196
0D20:15:44.902611000,x2,199.9159,200.0016,39,419
0D20:15:44.953160000,x3,299.9327,300.0241,427,482
0D20:15:44.953167000,x3,299.917,300.0005,334,6
0D20:15:44.963291000,x1,99.99757,100.0889,3,108
0D20:15:44.963299000,x1,99.9326,100.0892,307,82
0D20:15:45.522396000,x2,199.9496,200.0905,0,254
0D20:15:45.522400000,x2,199.9281,200.0843,199,486
0D20:15:45.593070000,x2,199.9796,200.0388,385,228
0D20:15:45.593086000,x2,199.9109,200.0328,430,294
0D20:15:45.632529000,x2,199.9134,200.0516,237,254
0D20:15:45.632535000,x2,199.9371,200.0789,361,176
0D20:15:45.652896000,x3,299.9256,300.0923,149,444
0D20:15:45.652901000,x3,299.9715,300.0329,296,32
0D20:15:45.872956000,x1,99.90161,100.0701,290,414
0D20:15:45.872974000,x1,99.95626,100.0333,124,164
0D20:15:46.132881000,x1,99.96803,100.0333,369,137
0D20:15:46.132893000,x1,99.98768,100.0304,199,392
0D20:15:46.232325000,x3,299.9365,300.0321,401,55
0D20:15:46.232330000,x3,299.944,300.0723,53,155
0D20:15:46.333000000,x1,99.94474,100.0959,217,178
0D20:15:46.333009000,x1,99.95883,100.0001,388,0
0D20:15:46.382882000,x1,99.92754,100.0646,4,434
0D20:15:46.382892000,x1,99.99588,100.0465,264,482
0D20:15:46.542676000,x3,299.9675,300.0792,119,183
0D20:15:46.542682000,x3,299.987,300.0084,224,456
0D20:15:46.703131000,x3,299.9562,300.0739,452,437
0D20:15:46.703148000,x3,299.975,300.0983,380,396
0D20:15:46.713120000,x2,199.9936,200.0801,408,497
0D20:15:46.713137000,x2,199.9546,200.028,358,40
0D20:15:46.822724000,x1,99.95534,100.0034,368,99
0D20:15:46.822732000,x1,99.97049,100.051,69,489
0D20:15:46.912760000,x2,199.9108,200.0554,195,347
0D20:15:46.912767000,x2,199.9936,200.0825,244,113
0D20:15:47.023631000,x3,299.9495,300.0838,281,448
0D20:15:47.023648000,x3,299.9675,300.0815,202,67
0D20:15:47.153387000,x3,299.9792,300.0956,371,367
0D20:15:47.153404000,x3,299.9137,300.0487,154,277
0D20:15:47.222862000,x2,199.974,200.043,495,113
0D20:15:47.222874000,x2,199.9304,200.0648,91,40
0D20:15:47.292391000,x3,299.991,300.0351,67,255
0D20:15:47.292396000,x3,299.9974,300.0829,40,26
0D20:15:47.323023000,x3,299.9155,300.0197,116,83
0D20:15:47.323027000,x3,299.9661,300.0483,270,485
0D20:15:47.633493000,x3,299.965,300.0433,402,236
0D20:15:47.633498000,x3,299.9866,300.0719,285,202
0D20:15:47.652506000,x2,199.9934,200.0973,27,303
0D20:15:47.652518000,x2,199.9826,200.0263,380,309
0D20:15:47.912673000,x1,99.99716,100.0216,119,414
0D20:15:47.912678000,x1,99.90776,100.0805,209,295
0D20:15:47.953195000,x1,99.92708,100.0714,411,125
0D20:15:47.953201000,x1,99.92845,100.018,118,215
0D20:15:47.992863000,x3,299.9634,300.049,466,276
0D20:15:47.992871000,x3,299.9839,300.0699,382,77
0D20:15:48.023148000,x2,199.9454,200.0095,115,496
0D20:15:48.023166000,x2,199.9142,200.0306,32,474
0D20:15:48.052808000,x1,99.90637,100.0038,152,29
0D20:15:48.052813000,x1,99.99997,100.0221,379,286
0D20:15:48.102546000,x3,299.95,300.0055,426,111
0D20:15:48.102551000,x3,299.9044,300.062,476,57
0D20:15:48.233278000,x2,199.9557,200.0472,189,153
0D20:15:48.233283000,x2,199.9614,200.0196,367,135
0D20:15:48.262782000,x1,99.9657,100.0537,128,84
0D20:15:48.262799000,x1,99.90246,100.0359,457,455
0D20:15:48.323160000,x1,99.99645,100.0702,325,77
0D20:15:48.323170000,x1,99.94161,100.0312,333,30
0D20:15:48.403303000,x2,199.9726,200.0035,192,445
0D20:15:48.403309000,x2,199.9271,200.0393,200,309
0D20:15:48.632788000,x3,299.9305,300.0002,457,69
0D20:15:48.632794000,x3,299.9675,300.0781,31,477
0D20:15:48.672497000,x1,99.90427,100.0195,84,109
0D20:15:48.672503000,x1,99.93937,100.0666,45,175
0D20:15:48.712283000,x1,99.92659,100.0035,15,27
0D20:15:48.712288000,x1,99.99649,100.0869,144,439
0D20:15:48.742987000,x2,199.9041,200.0244,225,142
0D20:15:48.742992000,x2,199.9218,200.0255,451,323
0D20:15:48.763041000,x2,199.9562,200.0131,450,220
0D20:15:48.763046000,x2,199.9038,200.0783,147,447
0D20:15:48.932357000,x3,299.9765,300.0531,111,82
0D20:15:48.932363000,x3,299.993,300.0507,458,77
0D20:15:49.073127000,x1,99.90819,100.0821,291,105
0D20:15:49.073132000,x1,99.95666,100.0594,118,426
0D20:15:49.283533000,x3,299.9111,300.0479,473,187
0D20:15:49.283539000,x3,299.9548,300.0906,159,453
0D20:15:49.463029000,x3,299.9448,300.0081,450,25
0D20:15:49.463044000,x3,299.9729,300.0755,363,89
0D20:15:49.483135000,x1,99.99026,100.094,438,118
0D20:15:49.483147000,x1,99.99931,100.0415,207,11
0D20:15:49.513200000,x3,299.9663,300.0384,367,432
0D20:15:49.513210000,x3,299.933,300.0387,154,328
0D20:15:49.873027000,x2,199.9765,200.0021,252,384
0D20:15:49.873032000,x2,199.9766,200.0062,99,226
0D20:15:49.982898000,x3,299.9627,300.0669,329,243
0D20:15:49.982903000,x3,299.9818,300.0344,8,149
0D20:15:50.002642000,x2,199.9244,200.0449,59,261
0D20:15:50.002648000,x2,199.9078,200.0834,353,230
0D20:15:50.113224000,x2,199.9463,200.0509,312,129
0D20:15:50.113228000,x2,199.9954,200.0585,184,93
0D20:15:50.122195000,x3,299.9454,300.018,357,232
0D20:15:50.122200000,x3,299.9546,300.092,454,243
0D20:15:50.533203000,x3,299.9125,300.0982,467,222
0D20:15:50.533208000,x3,299.9443,300.0461,36,364
0D20:15:50.812528000,x2,199.9753,200.0296,491,468
0D20:15:50.812537000,x2,199.986,200.0151,161,129
0D20:15:50.842279000,x2,199.9866,200.0966,170,190
0D20:15:50.842284000,x2,199.9952,200.0548,398,461
0D20:15:51.162759000,x3,299.9764,300.0874,307,444
0D20:15:51.162766000,x3,299.9827,300.0945,106,25
0D20:15:51.203348000,x2,199.9469,200.0119,356,217
0D20:15:51.203365000,x2,199.9861,200.0271,483,396
0D20:15:51.442950000,x1,99.99705,100.0472,5,330
0D20:15:51.442959000,x1,99.93451,100.0321,161,7
0D20:15:51.453229000,x3,299.9351,300.0246,23,254
0D20:15:51.453244000,x3,299.9782,300.0021,318,483
0D20:15:51.493259000,x1,99.98061,100.0995,276,332
0D20:15:51.493264000,x1,99.91795,100.0061,216,349
0D20:15:51.503118000,x3,299.9036,300.0825,132,225
0D20:15:51.503135000,x3,299.9594,300.0309,467,50
0D20:15:51.513095000,x1,99.92916,100.0004,90,52
0D20:15:51.513112000,x1,99.90458,100.0884,243,379
0D20:15:51.533816000,x2,199.9306,200.0231,14,160
0D20:15:51.533831000,x2,199.9712,200.0497,300,126
0D20:15:51.552991000,x3,299.9762,300.0103,489,269
0D20:15:51.553007000,x3,299.9798,300.0119,431,162
0D20:15:51.623042000,x3,299.9144,300.0144,130,426
0D20:15:51.623051000,x3,299.9625,300.0826,165,409
0D20:15:51.652967000,x1,99.9336,100.0301,161,59
0D20:15:51.652976000,x1,99.99472,100.0773,382,305
0D20:15:51.782592000,x3,299.9951,300.0621,427,371
0D20:15:51.782597000,x3,299.9022,300.0337,129,366
0D20:15:51.883612000,x2,199.9185,200.0891,36,324
0D20:15:51.883630000,x2,199.9671,200.084,28,408
0D20:15:51.903165000,x1,99.97932,100.0659,268,286
0D20:15:51.903182000,x1,99.9846,100.0636,206,472
0D20:15:51.952628000,x2,199.9762,200.0378,27,350
0D20:15:51.952633000,x2,199.9779,200.0512,442,95
0D20:15:51.972501000,x3,299.981,300.0773,85,206
0D20:15:51.972505000,x3,299.9119,300.0366,379,451
0D20:15:52.034131000,x1,99.9129,100.0721,257,340
0D20:15:52.034149000,x1,99.99249,100.0538,387,206
0D20:15:52.173119000,x3,299.9116,300.0768,358,187
0D20:15:52.173131000,x3,299.9813,300.0818,17,329
0D20:15:52.392710000,x1,99.91262,100.0008,499,241
0D20:15:52.392718000,x1,99.9751,100.0298,320,52
0D20:15:52.402880000,x3,299.9143,300.0433,495,288
0D20:15:52.402887000,x3,299.947,300.0804,175,320
0D20:15:52.812429000,x2,199.9476,200.0293,380,355
0D20:15:52.812435000,x2,199.9117,200.0342,471,262
0D20:15:52.972548000,x2,199.9055,200.078,6,306
0D20:15:52.972552000,x2,199.9945,200.0943,483,375
0D20:15:53.262390000,x1,99.9042,100.0897,314,425
0D20:15:53.262407000,x1,99.9442,100.0995,390,181
0D20:15:53.452995000,x2,199.9671,200.0573,123,488
0D20:15:53.453011000,x2,199.9454,200.0905,200,278
0D20:15:53.832682000,x1,99.92113,100.0106,325,318
0D20:15:53.832686000,x1,99.92343,100.0798,340,445
0D20:15:53.992560000,x3,299.94,300.0819,303,215
0D20:15:53.992564000,x3,299.9755,300.0742,103,481
0D20:15:54.002985000,x2,199.9213,200.074,234,474
0D20:15:54.003014000,x2,199.9234,200.0494,76,256
0D20:15:54.113105000,x2,199.9249,200.0601,498,92
0D20:15:54.113110000,x2,199.9099,200.0231,3,296
0D20:15:54.242790000,x1,99.94539,100.0435,240,330
0D20:15:54.242795000,x1,99.94016,100.0032,76,165
0D20:15:54.362026000,x3,299.9776,300.0261,91,331
0D20:15:54.362030000,x3,299.956,300.0204,487,419
0D20:15:54.472030000,x3,299.9041,300.0904,290,51
0D20:15:54.472035000,x3,299.9454,300.0391,238,229
0D20:15:54.593026000,x3,299.9461,300.0645,266,274
0D20:15:54.593031000,x3,299.9716,300.093,482,33
0D20:15:54.843453000,x2,199.9393,200.0624,141,392
0D20:15:54.843467000,x2,199.9656,200.031,364,443
0D20:15:54.962904000,x1,99.93534,100.0716,230,432
0D20:15:54.962910000,x1,99.93524,100.0678,435,71
0D20:15:55.022979000,x3,299.9527,300.039,113,211
0D20:15:55.022985000,x3,299.9049,300.0064,105,418
0D20:15:55.123083000,x2,199.9762,200.074,256,107
0D20:15:55.123090000,x2,199.9599,200.0409,202,293
0D20:15:55.174199000,x1,99.94963,100.0232,296,340
0D20:15:55.174238000,x1,99.98515,100.0242,121,154
0D20:15:55.312518000,x2,199.9359,200.0606,83,408
0D20:15:55.312524000,x2,199.997,200.0136,462,197
0D20:15:55.382343000,x3,299.9807,300.0896,339,106
0D20:15:55.382348000,x3,299.9062,300.0921,475,57
0D20:15:55.483232000,x3,299.9185,300.0671,105,334
0D20:15:55.483238000,x3,299.9566,300.0432,283,101
0D20:15:55.503182000,x3,299.9878,300.0925,372,467
0D20:15:55.503186000,x3,299.9513,300.064,447,333
0D20:15:55.563095000,x3,299.959,300.0147,60,139
0D20:15:55.563104000,x3,299.9419,300.0211,205,279
0D20:15:55.612852000,x3,299.9758,300.0616,153,351
0D20:15:55.612857000,x3,299.9496,300.0172,425,308
0D20:15:55.663425000,x3,299.9108,300.0513,87,361
0D20:15:55.663438000,x3,299.9932,300.0931,412,352
0D20:15:55.832247000,x3,299.9809,300.0025,270,122
0D20:15:55.832252000,x3,299.9141,300.0883,169,273
0D20:15:55.963153000,x1,99.93704,100.0486,305,451
0D20:15:55.963165000,x1,99.95261,100.0315,267,343
0D20:15:56.164043000,x1,99.93451,100.0365,4,421
0D20:15:56.164049000,x1,99.97076,100.0546,122,172
0D20:15:56.302829000,x1,99.98107,100.0844,209,229
0D20:15:56.302833000,x1,99.94943,100.0807,127,228
0D20:15:56.322517000,x3,299.9266,300.0274,7,357
0D20:15:56.322523000,x3,299.9421,300.0235,344,299
0D20:15:56.342458000,x3,299.9216,300.0178,471,457
0D20:15:56.342464000,x3,299.9715,300.0023,162,284
0D20:15:56.432346000,x2,199.9662,200.0154,150,379
0D20:15:56.432363000,x2,199.9702,200.0138,427,377
0D20:15:56.503228000,x2,199.9537,200.084,422,131
0D20:15:56.503233000,x2,199.9868,200.0152,82,441
0D20:15:56.553514000,x3,299.9089,300.0052,391,323
0D20:15:56.553526000,x3,299.938,300.0517,468,172
0D20:15:56.583246000,x1,99.97681,100.0828,272,222
0D20:15:56.583256000,x1,99.98219,100.0341,427,491
0D20:15:56.722880000,x3,299.9302,300.0061,58,270
0D20:15:56.722885000,x3,299.9521,300.0808,175,451
0D20:15:57.042968000,x1,99.9507,100.0778,315,286
0D20:15:57.042980000,x1,99.9096,100.0577,479,238
0D20:15:57.163205000,x1,99.93041,100.0991,357,487
0D20:15:57.163222000,x1,99.98985,100.0288,77,144
0D20:15:57.252679000,x3,299.9991,300.0916,225,71
0D20:15:57.252687000,x3,299.9618,300.0085,269,5
0D20:15:57.272867000,x3,299.9088,300.0326,102,83
0D20:15:57.272874000,x3,299.9494,300.0338,371,150
0D20:15:57.303815000,x2,199.9347,200.0995,404,458
0D20:15:57.303832000,x2,199.9437,200.0431,158,353
0D20:15:57.383752000,x1,99.93934,100.0705,370,7
0D20:15:57.383764000,x1,99.99601,100.0869,0,42
0D20:15:57.512397000,x3,299.9809,300.0237,284,39
0D20:15:57.512401000,x3,299.9806,300.0475,354,342
0D20:15:57.672584000,x3,299.9159,300.085,166,303
0D20:15:57.672588000,x3,299.9627,300.0841,277,204
0D20:15:57.733761000,x1,99.92944,100.0324,91,114
0D20:15:57.733778000,x1,99.96742,100.0295,398,105
0D20:15:58.092914000,x3,299.9661,300.0996,216,296
0D20:15:58.092927000,x3,299.9723,300.0858,228,33
0D20:15:58.142769000,x2,199.9346,200.0901,263,495
0D20:15:58.142776000,x2,199.914,200.0283,39,386
0D20:15:58.163407000,x2,199.9008,200.0276,192,238
0D20:15:58.163415000,x2,199.9282,200.028,480,286
0D20:15:58.182953000,x3,299.9332,300.027,170,383
0D20:15:58.182970000,x3,299.9521,300.0563,149,249
0D20:15:58.282693000,x1,99.94566,100.0911,272,58
0D20:15:58.282706000,x1,99.94086,100.0844,191,204
0D20:15:58.323043000,x3,299.9271,300.085,469,26
0D20:15:58.323055000,x3,299.9482,300.0221,372,341
0D20:15:58.353079000,x1,99.92163,100.0221,442,87
0D20:15:58.353091000,x1,99.94301,100.0938,407,441
0D20:15:58.432364000,x1,99.90001,100.0777,347,440
0D20:15:58.432367000,x1,99.94598,100.0186,58,250
0D20:15:58.522942000,x3,299.9002,300.0583,278,366
0D20:15:58.522958000,x3,299.9584,300.0494,263,219
0D20:15:58.663322000,x2,199.9287,200.0165,442,469
0D20:15:58.663329000,x2,199.9636,200.0122,484,332
0D20:15:59.012272000,x2,199.9487,200.0505,96,158
0D20:15:59.012278000,x2,199.9006,200.0305,438,100
0D20:15:59.092992000,x2,199.9443,200.0983,158,476
0D20:15:59.092997000,x2,199.9864,200.0718,127,265
0D20:15:59.132645000,x1,99.97737,100.0525,81,129
0D20:15:59.132650000,x1,99.98245,100.0534,428,79
0D20:15:59.202372000,x2,199.9298,200.0783,486,442
0D20:15:59.202378000,x2,199.973,200.0119,223,296
0D20:15:59.282426000,x2,199.9105,200.0623,148,220
0D20:15:59.282430000,x2,199.9827,200.0451,22,223
0D20:15:59.392733000,x2,199.9453,200.0962,10,385
0D20:15:59.392738000,x2,199.9289,200.034,238,5
0D20:15:59.613199000,x3,299.9007,300.0323,134,257
0D20:15:59.613205000,x3,299.9364,300.0372,481,264
0D20:15:59.623197000,x3,299.9498,300.044,59,397
0D20:15:59.623202000,x3,299.9257,300.0519,179,331
0D20:15:59.802285000,x1,99.97864,100.0936,275,332
0D20:15:59.802290000,x1,99.91156,100.0567,300,204
0D20:16:00.162479000,x3,299.9742,300.0133,124,360
0D20:16:00.162486000,x3,299.9445,300.0789,39,282
0D20:16:00.423778000,x2,199.9214,200.0647,244,406
0D20:16:00.423783000,x2,199.9288,200.0773,32,82
0D20:16:00.513260000,x1,99.99555,100.0469,224,305
0D20:16:00.513265000,x1,99.94247,100.0774,499,195
0D20:16:00.542309000,x2,199.953,200.0363,334,244
0D20:16:00.542314000,x2,199.9011,200.0861,321,111
0D20:16:00.622318000,x2,199.9738,200.0465,121,17
0D20:16:00.622322000,x2,199.9757,200.0451,138,44
0D20:16:00.763388000,x3,299.9656,300.0697,19,244
0D20:16:00.763405000,x3,299.986,300.0654,337,261
0D20:16:00.963485000,x1,99.90114,100.0717,65,409
0D20:16:00.963502000,x1,99.9189,100.0653,425,185
0D20:16:01.002524000,x1,99.97759,100.0065,380,26
0D20:16:01.002528000,x1,99.99022,100.0596,136,478
0D20:16:01.062764000,x1,99.90664,100.0574,146,145
0D20:16:01.062770000,x1,99.92906,100.071,321,205
0D20:16:01.113202000,x3,299.9386,300.0271,441,303
0D20:16:01.113206000,x3,299.9222,300.0492,402,355
0D20:16:01.122673000,x3,299.9755,300.0816,112,478
0D20:16:01.122678000,x3,299.9219,300.0893,468,415
0D20:16:01.232743000,x1,99.92381,100.0955,42,332
0D20:16:01.232749000,x1,99.9135,100.0179,7,427
0D20:16:01.262678000,x3,299.9492,300.0468,455,88
0D20:16:01.262683000,x3,299.9483,300.093,122,321
0D20:16:01.302796000,x1,99.90714,100.0423,335,131
0D20:16:01.302801000,x1,99.9341,100.028,442,271
0D20:16:01.342353000,x3,299.9883,300.0349,229,267
0D20:16:01.342358000,x3,299.914,300.0362,381,324
0D20:16:01.393385000,x2,199.9206,200.0218,247,172
0D20:16:01.393390000,x2,199.9606,200.0721,287,137
0D20:16:01.592388000,x1,99.97731,100.0807,34,173
0D20:16:01.592393000,x1,99.90668,100.099,294,22
0D20:16:01.732976000,x3,299.9227,300.0453,357,180
0D20:16:01.732993000,x3,299.993,300.0492,223,28
0D20:16:01.763660000,x3,299.9096,300.0209,246,77
0D20:16:01.763668000,x3,299.9623,300.0311,369,206
0D20:16:01.772602000,x3,299.9807,300.0101,98,292
0D20:16:01.772608000,x3,299.9675,300.0732,427,290
0D20:16:01.832956000,x3,299.9552,300.0688,474,123
0D20:16:01.832962000,x3,299.905,300.0104,465,351
0D20:16:02.012284000,x1,99.91748,100.0186,364,449
0D20:16:02.012289000,x1,99.92701,100.0322,444,400
0D20:16:02.263161000,x1,99.97526,100.031,53,467
0D20:16:02.263166000,x1,99.91748,100.0841,76,24
0D20:16:02.333617000,x1,99.97942,100.0693,334,15
0D20:16:02.333634000,x1,99.90049,100.0518,269,100
0D20:16:02.353643000,x2,199.9646,200.0571,80,362
0D20:16:02.353655000,x2,199.9754,200.0917,172,180
0D20:16:02.532656000,x1,99.98827,100.0133,423,217
0D20:16:02.532661000,x1,99.94112,100.0553,143,260
0D20:16:02.582574000,x2,199.9172,200.0128,493,41
0D20:16:02.582580000,x2,199.9489,200.098,255,432
0D20:16:02.713304000,x1,99.90408,100.0435,97,147
0D20:16:02.713309000,x1,99.92318,100.0656,2,107
0D20:16:02.783106000,x1,99.98426,100.0002,478,116
0D20:16:02.783123000,x1,99.92262,100.0163,18,90
0D20:16:02.823150000,x1,99.93768,100.0674,190,115
0D20:16:02.823167000,x1,99.91746,100.071,49,481
0D20:16:02.853844000,x1,99.91639,100.0916,379,375
0D20:16:02.853854000,x1,99.94523,100.0308,400,98
0D20:16:02.862623000,x3,299.9117,300.0085,468,238
0D20:16:02.862627000,x3,299.9291,300.0438,424,490
0D20:16:02.872868000,x3,299.9534,300.0125,461,319
0D20:16:02.872873000,x3,299.9382,300.0386,386,431
0D20:16:03.043278000,x2,199.9372,200.0992,3,393
0D20:16:03.043283000,x2,199.9253,200.0023,217,29
0D20:16:03.062848000,x3,299.9517,300.086,497,414
0D20:16:03.062853000,x3,299.9348,300.0476,114,436
0D20:16:03.172569000,x2,199.9868,200.0139,175,43
0D20:16:03.172586000,x2,199.9703,200.0796,449,333
0D20:16:03.183523000,x2,199.9753,200.0358,147,211
0D20:16:03.183540000,x2,199.9444,200.0859,393,275
0D20:16:03.262473000,x2,199.9076,200.0703,33,347
0D20:16:03.262479000,x2,199.9604,200.003,404,70
0D20:16:03.342785000,x1,99.95596,100.0321,259,247
0D20:16:03.342790000,x1,99.9786,100.0858,99,167
0D20:16:03.403925000,x1,99.95144,100.0799,400,337
0D20:16:03.403942000,x1,99.99412,100.0839,466,475
0D20:16:03.413421000,x1,99.90772,100.0594,326,449
0D20:16:03.413436000,x1,99.9613,100.0514,141,173
0D20:16:03.453324000,x3,299.9355,300.0872,313,16
0D20:16:03.453337000,x3,299.9359,300.0889,368,410
0D20:16:04.033058000,x1,99.95197,100.0548,104,303
0D20:16:04.033063000,x1,99.96959,100.0077,332,46
0D20:16:04.342955000,x3,299.9596,300.055,28,248
0D20:16:04.342960000,x3,299.9443,300.0048,5,254
0D20:16:04.653081000,x2,199.9628,200.0101,109,384
0D20:16:04.653094000,x2,199.9541,200.067,163,175
0D20:16:04.693572000,x3,299.9772,300.0351,115,80
0D20:16:04.693577000,x3,299.9329,300.0443,337,382
0D20:16:04.733179000,x1,99.91321,100.0689,102,412
0D20:16:04.733196000,x1,99.92126,100.0035,265,322
0D20:16:04.782988000,x2,199.9971,200.0791,415,166
0D20:16:04.783005000,x2,199.9113,200.0449,167,205
0D20:16:04.823276000,x3,299.9824,300.0151,385,4
0D20:16:04.823288000,x3,299.928,300.0065,179,399
0D20:16:05.132384000,x3,299.9225,300.0002,463,27
0D20:16:05.132389000,x3,299.9843,300.064,418,337
0D20:16:05.252715000,x2,199.99,200.0554,201,91
0D20:16:05.252728000,x2,199.9765,200.0698,375,461
0D20:16:05.603794000,x2,199.9641,200.0933,336,170
0D20:16:05.603806000,x2,199.9817,200.0998,69,415
0D20:16:05.682918000,x2,199.9627,200.0218,136,257
0D20:16:05.682935000,x2,199.91,200.0071,20,42
0D20:16:05.693235000,x2,199.9848,200.0621,174,124
0D20:16:05.693247000,x2,199.9493,200.0582,223,465
0D20:16:05.713303000,x1,99.99143,100.0054,404,154
0D20:16:05.713316000,x1,99.99138,100.0768,337,229
0D20:16:05.723548000,x3,299.9921,300.0931,372,279
0D20:16:05.723554000,x3,299.9466,300.0233,225,386
0D20:16:05.902930000,x1,99.99356,100.0891,100,262
0D20:16:05.902940000,x1,99.97457,100.0386,225,352
0D20:16:05.933202000,x1,99.97149,100.0405,185,379
0D20:16:05.933214000,x1,99.91777,100.0834,454,262
0D20:16:06.042883000,x3,299.9225,300,481,2
0D20:16:06.042898000,x3,299.9902,300.0464,48,5
0D20:16:06.103178000,x2,199.9526,200.056,485,25
0D20:16:06.103185000,x2,199.9696,200.0195,427,238
0D20:16:06.182500000,x3,299.9115,300.0357,155,361
0D20:16:06.182505000,x3,299.9154,300.0618,443,204
0D20:16:06.323089000,x1,99.92779,100.0226,315,25
0D20:16:06.323096000,x1,99.99411,100.0297,299,389
0D20:16:06.482615000,x1,99.90457,100.0685,404,468
0D20:16:06.482619000,x1,99.97067,100.0763,290,145
0D20:16:06.602785000,x2,199.9776,200.0347,163,166
0D20:16:06.602796000,x2,199.981,200.0315,319,251
0D20:16:06.682917000,x3,299.9462,300.0557,388,141
0D20:16:06.682923000,x3,299.9063,300.0607,11,75
0D20:16:06.843261000,x2,199.9563,200.0562,495,363
0D20:16:06.843271000,x2,199.9156,200.0702,134,218
0D20:16:07.032272000,x1,99.95242,100.0398,337,183
0D20:16:07.032277000,x1,99.99577,100.046,339,391
0D20:16:07.142684000,x2,199.9208,200.0219,260,290
0D20:16:07.142689000,x2,199.9385,200.0206,269,285
0D20:16:07.203198000,x2,199.9864,200.0431,156,454
0D20:16:07.203213000,x2,199.9922,200.0692,161,135
0D20:16:07.232724000,x2,199.9465,200.0562,357,231
0D20:16:07.232736000,x2,199.9245,200.0923,131,51
0D20:16:07.252841000,x2,199.9498,200.063,204,467
0D20:16:07.252847000,x2,199.9231,200.0908,390,288
0D20:16:07.292563000,x2,199.9793,200.0627,48,411
0D20:16:07.292591000,x2,199.9419,200.0547,34,494
0D20:16:07.483274000,x1,99.96993,100.0471,245,418
0D20:16:07.483282000,x1,99.97407,100.0286,472,380
0D20:16:07.493644000,x2,199.9313,200.0898,200,164
0D20:16:07.493652000,x2,199.9194,200.0872,36,280
0D20:16:07.582502000,x1,99.97433,100.0333,451,2
0D20:16:07.582518000,x1,99.98758,100.0891,214,465
0D20:16:07.783145000,x3,299.9948,300.0413,446,320
0D20:16:07.783150000,x3,299.9438,300.0456,496,77
0D20:16:07.822524000,x1,99.91552,100.0502,257,237
0D20:16:07.822529000,x1,99.9331,100.0688,253,113
0D20:16:08.033555000,x1,99.92812,100.0761,304,477
0D20:16:08.033560000,x1,99.94431,100.09,67,389
0D20:16:08.042385000,x3,299.983,300.0906,220,325
0D20:16:08.042395000,x3,299.9424,300.0754,386,336
0D20:16:08.332672000,x2,199.9237,200.0734,149,473
0D20:16:08.332678000,x2,199.9624,200.0241,171,2
0D20:16:08.462740000,x3,299.978,300.0737,39,43
0D20:16:08.462750000,x3,299.9965,300.0772,250,370
0D20:16:08.562563000,x2,199.904,200.0112,165,222
0D20:16:08.562568000,x2,199.9567,200.0109,81,478
0D20:16:08.672640000,x1,99.97109,100.0775,422,411
0D20:16:08.672644000,x1,99.9039,100.087,378,163
0D20:16:08.712811000,x2,199.9645,200.0458,225,266
0D20:16:08.712827000,x2,199.9205,200.0134,72,175
0D20:16:08.813105000,x1,99.90484,100.0475,203,217
0D20:16:08.813112000,x1,99.97514,100.0196,140,297
0D20:16:08.902866000,x2,199.9251,200.0107,50,92
0D20:16:08.902871000,x2,199.9837,200.0591,31,221
0D20:16:09.102336000,x2,199.9939,200.046,305,144
0D20:16:09.102341000,x2,199.9026,200.0942,50,207
0D20:16:09.353135000,x1,99.91763,100.0704,196,305
0D20:16:09.353152000,x1,99.92637,100.0815,456,437
0D20:16:09.472578000,x3,299.9559,300.0377,280,252
0D20:16:09.472583000,x3,299.9666,300.0804,64,215
0D20:16:09.513090000,x3,299.9101,300.0025,490,456
0D20:16:09.513106000,x3,299.9715,300.0622,367,257
0D20:16:09.763006000,x2,199.9769,200.0521,303,92
0D20:16:09.763015000,x2,199.9517,200.0374,165,453
0D20:16:09.793095000,x2,199.9467,200.0298,424,336
0D20:16:09.793112000,x2,199.9203,200.0771,200,185
0D20:16:09.803406000,x1,99.98666,100.0604,77,499
0D20:16:09.803425000,x1,99.92714,100.0573,370,207
0D20:16:09.832870000,x1,99.9944,100.0268,405,491
0D20:16:09.832880000,x1,99.95948,100.0512,76,328
0D20:16:09.963099000,x1,99.99119,100.0984,275,269
0D20:16:09.963104000,x1,99.93978,100.024,246,261
0D20:16:09.993144000,x2,199.9548,200.009,185,238
0D20:16:09.993161000,x2,199.9535,200.08,86,60
0D20:16:10.052552000,x1,99.93866,100.0048,415,363
0D20:16:10.052561000,x1,99.96264,100.0699,431,173
0D20:16:10.083686000,x1,99.98122,100.0351,380,467
0D20:16:10.083695000,x1,99.99205,100.0014,476,489
0D20:16:10.112874000,x1,99.99036,100.0919,322,441
0D20:16:10.112879000,x1,99.98132,100.0943,229,249
0D20:16:10.303252000,x2,199.9027,200.0429,239,474
0D20:16:10.303269000,x2,199.983,200.033,57,470
0D20:16:10.363052000,x1,99.93039,100.0548,256,155
0D20:16:10.363058000,x1,99.94748,100.0017,277,163
0D20:16:10.433020000,x2,199.9724,200.0676,178,53
0D20:16:10.433030000,x2,199.9214,200.0664,93,304
0D20:16:10.453206000,x3,299.9144,300.0443,307,251
0D20:16:10.453214000,x3,299.9481,300.0159,232,256
0D20:16:10.552867000,x2,199.9643,200.096,345,111
0D20:16:10.552874000,x2,199.9614,200.0549,159,124
0D20:16:10.592832000,x1,99.99904,100.0861,469,195
0D20:16:10.592837000,x1,99.9845,100.0729,368,25
0D20:16:10.742472000,x1,99.9859,100.0709,195,295
0D20:16:10.742478000,x1,99.99331,100.094,1,232
0D20:16:11.032444000,x1,99.96502,100.0091,422,155
0D20:16:11.032449000,x1,99.99059,100.0008,91,59
0D20:16:11.202846000,x1,99.90448,100.0996,355,38
0D20:16:11.202851000,x1,99.9625,100.0172,418,158
0D20:16:11.273686000,x2,199.978,200.0295,134,228
0D20:16:11.273703000,x2,199.9462,200.0335,346,363
0D20:16:11.373793000,x3,299.9088,300.0744,452,121
0D20:16:11.373797000,x3,299.9808,300.0994,291,208
0D20:16:11.423010000,x1,99.95431,100.0854,102,452
0D20:16:11.423014000,x1,99.9188,100.0556,285,456
0D20:16:11.522250000,x2,199.9467,200.0712,241,277
0D20:16:11.522255000,x2,199.9537,200.0953,2,73
0D20:16:11.532509000,x3,299.9152,300.0818,229,193
0D20:16:11.532514000,x3,299.919,300.0976,161,410
0D20:16:11.602807000,x3,299.9099,300.061,466,140
0D20:16:11.602812000,x3,299.971,300.0684,100,175
0D20:16:11.683237000,x2,199.9639,200.0416,230,465
0D20:16:11.683243000,x2,199.989,200.0035,174,304
0D20:16:11.872662000,x1,99.93888,100.0838,341,274
0D20:16:11.872666000,x1,99.92771,100.0053,484,273
0D20:16:12.193113000,x2,199.9819,200.0135,362,464
0D20:16:12.193118000,x2,199.9195,200.0576,419,126
0D20:16:12.263423000,x1,99.96899,100.0998,281,202
0D20:16:12.263444000,x1,99.9537,100.0988,277,12
0D20:16:12.332730000,x3,299.9675,300.0473,377,458
0D20:16:12.332735000,x3,299.9528,300.0334,21,53
0D20:16:12.492575000,x2,199.9991,200.0048,153,307
0D20:16:12.492580000,x2,199.9434,200.0983,35,377
0D20:16:12.593048000,x1,99.94529,100.0675,89,466
0D20:16:12.593052000,x1,99.95721,100.0947,411,148
0D20:16:12.652403000,x1,99.9101,100.0872,105,269
0D20:16:12.652418000,x1,99.91938,100.094,61,268
0D20:16:12.692998000,x3,299.9328,300.091,347,218
0D20:16:12.693004000,x3,299.9347,300.0366,234,13
0D20:16:12.772514000,x3,299.9241,300.0229,142,165
0D20:16:12.772518000,x3,299.9748,300.0029,359,347
0D20:16:12.882833000,x1,99.94216,100.0606,322,440
0D20:16:12.882838000,x1,99.91609,100.0094,424,469
0D20:16:13.092705000,x2,199.935,200.0956,328,482
0D20:16:13.092712000,x2,199.9233,200.0694,394,206
0D20:16:13.332806000,x1,99.9255,100.0197,124,392
0D20:16:13.332810000,x1,99.95177,100.0456,225,377
0D20:16:13.342823000,x3,299.9014,300.0269,369,135
0D20:16:13.342828000,x3,299.9075,300.0421,107,324
0D20:16:13.433119000,x1,99.93204,100.0055,261,221
0D20:16:13.433131000,x1,99.94683,100.086,125,171
0D20:16:13.533259000,x3,299.9966,300.0638,281,300
0D20:16:13.533263000,x3,299.9733,300.0782,381,167
0D20:16:13.843557000,x3,299.9485,300.0292,449,3
0D20:16:13.843562000,x3,299.925,300.0046,9,251
0D20:16:13.943116000,x3,299.9062,300.0578,422,387
0D20:16:13.943133000,x3,299.9737,300.0133,282,11
0D20:16:13.963223000,x3,299.9028,300.0324,189,65
0D20:16:13.963239000,x3,299.9827,300.0977,493,95
0D20:16:14.293156000,x2,199.9006,200.0035,435,43
0D20:16:14.293186000,x2,199.9845,200.0424,246,143
0D20:16:14.332430000,x3,299.9065,300.0659,72,243
0D20:16:14.332435000,x3,299.9605,300.0788,147,442
0D20:16:14.362976000,x1,99.96013,100.0083,469,203
0D20:16:14.362981000,x1,99.97841,100.0061,421,444
0D20:16:14.812461000,x2,199.9791,200.0159,406,418
0D20:16:14.812466000,x2,199.9009,200.0199,255,413
0D20:16:14.832627000,x3,299.9939,300.0903,43,59
0D20:16:14.832632000,x3,299.9139,300.0362,426,183
0D20:16:14.953626000,x2,199.9595,200.0348,414,378
0D20:16:14.953636000,x2,199.9168,200.0137,387,222
0D20:16:14.993125000,x1,99.96759,100.0917,86,204
0D20:16:14.993135000,x1,99.94712,100.0693,17,133
0D20:16:15.003056000,x3,299.9383,300.0698,335,321
0D20:16:15.003063000,x3,299.9943,300.0836,427,282
0D20:16:15.092983000,x1,99.91191,100.0158,300,315
0D20:16:15.093000000,x1,99.98847,100.0533,215,455
0D20:16:15.622646000,x1,99.96223,100.0595,402,44
0D20:16:15.622650000,x1,99.9828,100.0092,392,0
0D20:16:15.642628000,x3,299.9758,300.0936,365,426
0D20:16:15.642633000,x3,299.9326,300.0841,21,336
0D20:16:15.753682000,x3,299.9423,300.0475,140,35
0D20:16:15.753699000,x3,299.925,300.0035,384,68
0D20:16:15.933732000,x3,299.9954,300.0693,373,164
0D20:16:15.933742000,x3,299.9595,300.0494,310,365
0D20:16:16.202882000,x1,99.9011,100.0867,492,149
0D20:16:16.202887000,x1,99.93887,100.0716,323,363
0D20:16:16.492781000,x1,99.96637,100.0369,272,80
0D20:16:16.492798000,x1,99.99237,100.0622,330,277
0D20:16:16.603492000,x2,199.9243,200.03,154,257
0D20:16:16.603497000,x2,199.9595,200.0465,290,290
0D20:16:16.702252000,x1,99.91038,100.04,69,37
0D20:16:16.702269000,x1,99.96708,100.0993,121,331
0D20:16:16.722708000,x1,99.98707,100.0026,424,269
0D20:16:16.722724000,x1,99.99428,100.054,208,261
0D20:16:16.753560000,x2,199.9769,200.0076,190,144
0D20:16:16.753577000,x2,199.9722,200.0668,26,266
0D20:16:16.922676000,x1,99.91563,100.0234,181,107
0D20:16:16.922687000,x1,99.97606,100.0541,112,252
0D20:16:17.013077000,x3,299.9547,300.0118,268,71
0D20:16:17.013088000,x3,299.9356,300.0439,278,244
0D20:16:17.082776000,x1,99.92586,100.0413,44,75
0D20:16:17.082781000,x1,99.97245,100.0164,372,411
0D20:16:17.213160000,x1,99.93609,100.0383,38,227
0D20:16:17.213176000,x1,99.96718,100.0631,294,145
0D20:16:17.373224000,x1,99.95923,100.0948,0,255
0D20:16:17.373236000,x1,99.96235,100.0199,167,2
0D20:16:17.382827000,x2,199.9968,200.0523,201,489
0D20:16:17.382840000,x2,199.9172,200.0268,352,188
0D20:16:17.703730000,x2,199.922,200.0453,181,298
0D20:16:17.703747000,x2,199.9138,200.0318,270,329
0D20:16:17.723181000,x1,99.91447,100.0715,329,99
0D20:16:17.723193000,x1,99.97647,100.0142,304,476
0D20:16:17.893646000,x1,99.99148,100.0884,195,39
0D20:16:17.893663000,x1,99.92288,100.0669,48,363
0D20:16:18.062480000,x1,99.96089,100.0224,296,205
0D20:16:18.062484000,x1,99.96483,100.0166,36,309
0D20:16:18.093840000,x3,299.9901,300.0339,396,3
0D20:16:18.093852000,x3,299.9282,300.0215,51,332
0D20:16:18.112587000,x3,299.9225,300.0159,498,276
0D20:16:18.112597000,x3,299.9477,300.0226,369,464
0D20:16:18.303287000,x2,199.9517,200.0653,433,113
0D20:16:18.303304000,x2,199.9812,200.0401,170,498
0D20:16:18.323231000,x3,299.9676,300.0393,453,39
0D20:16:18.323243000,x3,299.9985,300.007,52,307
0D20:16:18.362974000,x1,99.97634,100.0824,223,280
0D20:16:18.362979000,x1,99.96085,100.053,44,308
0D20:16:18.572297000,x2,199.9458,200.0044,199,11
0D20:16:18.572302000,x2,199.9357,200.069,363,405
0D20:16:18.582543000,x1,99.9984,100.0596,57,392
0D20:16:18.582548000,x1,99.97874,100.0246,99,413
0D20:16:18.783222000,x1,99.96581,100.0451,347,261
0D20:16:18.783226000,x1,99.91929,100.0447,292,128
0D20:16:18.802544000,x2,199.9077,200.0572,51,39
0D20:16:18.802550000,x2,199.9363,200.0478,390,367
0D20:16:18.823196000,x2,199.9711,200.0985,411,189
0D20:16:18.823202000,x2,199.9562,200.0595,30,308
0D20:16:18.842689000,x1,99.96775,100.0869,180,42
0D20:16:18.842694000,x1,99.93626,100.0771,166,289
0D20:16:19.003844000,x3,299.9001,300.0959,449,254
0D20:16:19.003860000,x3,299.9677,300.0851,446,312
0D20:16:19.033156000,x1,99.90665,100.039,285,407
0D20:16:19.033168000,x1,99.97227,100.0383,360,461
0D20:16:19.053445000,x2,199.9175,200.0724,455,291
0D20:16:19.053453000,x2,199.9568,200.0899,214,10
0D20:16:19.123040000,x3,299.9688,300.0437,144,117
0D20:16:19.123046000,x3,299.9709,300.02,205,72
0D20:16:19.192938000,x3,299.9695,300.0529,133,373
0D20:16:19.192942000,x3,299.967,300.0217,191,266
0D20:16:19.212248000,x3,299.9419,300.0133,224,363
0D20:16:19.212254000,x3,299.9123,300.002,458,400
0D20:16:19.383598000,x1,99.95751,100.0496,69,275
0D20:16:19.383602000,x1,99.93429,100.0817,421,489
0D20:16:19.413441000,x1,99.91716,100.0681,176,331
0D20:16:19.413458000,x1,99.9422,100.0402,472,464
0D20:16:19.522558000,x1,99.9443,100.035,458,292
0D20:16:19.522569000,x1,99.96383,100.0472,276,348
0D20:16:19.543077000,x2,199.9664,200.028,163,438
0D20:16:19.543085000,x2,199.9782,200.01,201,89
0D20:16:19.582510000,x1,99.96331,100.0547,99,209
0D20:16:19.582520000,x1,99.90129,100.0284,101,21
0D20:16:19.602629000,x3,299.9245,300.0045,273,252
0D20:16:19.602639000,x3,299.9154,300.0717,342,474
0D20:16:19.662889000,x3,299.9635,300.0623,227,494
0D20:16:19.662906000,x3,299.9477,300.0308,139,497
0D20:16:19.673320000,x1,99.99741,100.0273,278,433
0D20:16:19.673337000,x1,99.97833,100.0011,226,369
0D20:16:19.682988000,x2,199.9797,200.0232,453,229
0D20:16:19.682999000,x2,199.9135,200.0429,235,204
0D20:16:19.712898000,x2,199.9295,200.0141,227,20
0D20:16:19.712923000,x2,199.9809,200.0199,196,248
0D20:16:19.862791000,x1,99.93122,100.0482,449,496
0D20:16:19.862796000,x1,99.9138,100.0017,127,72
0D20:16:19.972699000,x1,99.98707,100.0537,142,317
0D20:16:19.972709000,x1,99.90849,100.0094,198,155
0D20:16:19.992728000,x3,299.9402,300.1,72,438
0D20:16:19.992733000,x3,299.9266,300.0133,446,497
0D20:16:20.042718000,x2,199.9592,200.0124,354,163
0D20:16:20.042723000,x2,199.9126,200.0864,335,240
0D20:16:20.103106000,x1,99.93883,100.0403,448,328
0D20:16:20.103115000,x1,99.99779,100.0068,130,479
0D20:16:20.123094000,x3,299.9662,300.0218,216,59
0D20:16:20.123100000,x3,299.9479,300.0848,390,463
0D20:16:20.172781000,x1,99.98066,100.0418,48,48
0D20:16:20.172785000,x1,99.91312,100.0663,309,243
0D20:16:20.192309000,x1,99.93312,100.0976,317,104
0D20:16:20.192313000,x1,99.96335,100.0824,381,340
0D20:16:20.252399000,x3,299.9113,300.097,83,401
0D20:16:20.252402000,x3,299.9511,300.0452,445,233
0D20:16:20.353098000,x1,99.98174,100.016,49,183
0D20:16:20.353104000,x1,99.91434,100.0481,499,263
0D20:16:20.372999000,x1,99.98036,100.0246,184,269
0D20:16:20.373006000,x1,99.9332,100.0009,260,46
0D20:16:20.392668000,x3,299.9787,300.0772,277,437
0D20:16:20.392674000,x3,299.9363,300.0669,327,272
0D20:16:20.433128000,x3,299.9394,300.0902,46,403
0D20:16:20.433134000,x3,299.9748,300.0794,383,242
0D20:16:20.572660000,x3,299.9571,300.0721,264,45
0D20:16:20.572665000,x3,299.9602,300.0936,84,414
0D20:16:20.612301000,x1,99.95077,100.014,121,444
0D20:16:20.612318000,x1,99.968,100.086,48,102
0D20:16:20.633430000,x1,99.9336,100.0343,266,211
0D20:16:20.633441000,x1,99.96513,100.0851,42,26
0D20:16:20.832775000,x2,199.919,200.0776,402,2
0D20:16:20.832782000,x2,199.932,200.0242,268,333
0D20:16:20.942932000,x3,299.9529,300.0031,300,264
0D20:16:20.942949000,x3,299.9462,300.0186,491,281
0D20:16:21.132947000,x2,199.949,200.0191,345,483
0D20:16:21.132954000,x2,199.9233,200.068,297,416
0D20:16:21.243143000,x3,299.9982,300.096,108,57
0D20:16:21.243153000,x3,299.9551,300.0646,87,489
0D20:16:21.292724000,x2,199.9277,200.0412,210,390
0D20:16:21.292729000,x2,199.9161,200.0119,309,392
0D20:16:21.443223000,x3,299.9268,300.0694,441,55
0D20:16:21.443240000,x3,299.9225,300.0297,147,297
0D20:16:21.622727000,x2,199.9092,200.0164,92,305
0D20:16:21.622731000,x2,199.9223,200.0357,184,26
0D20:16:21.782712000,x1,99.90194,100.0799,25,92
0D20:16:21.782729000,x1,99.9893,100.0938,276,266
0D20:16:21.882485000,x1,99.9195,100.0102,170,95
0D20:16:21.882490000,x1,99.96466,100.0558,133,189
0D20:16:21.913124000,x2,199.9477,200.0784,115,307
0D20:16:21.913129000,x2,199.9244,200.011,160,398
0D20:16:21.933040000,x3,299.943,300.0763,35,120
0D20:16:21.933047000,x3,299.9043,300.022,76,333
0D20:16:21.943233000,x2,199.9405,200.0483,318,69
0D20:16:21.943239000,x2,199.9704,200.0383,360,380
0D20:16:21.982652000,x1,99.99569,100.0025,424,62
0D20:16:21.982658000,x1,99.93156,100.0513,490,328
0D20:16:22.042955000,x3,299.9829,300.0915,497,391
0D20:16:22.042960000,x3,299.9406,300.0474,333,235
0D20:16:22.172772000,x2,199.9461,200.0915,89,202
0D20:16:22.172778000,x2,199.9263,200.0138,126,181
0D20:16:22.183065000,x1,99.91394,100.0949,420,352
0D20:16:22.183072000,x1,99.90849,100.0946,282,74
0D20:16:22.482762000,x1,99.90588,100.0197,226,364
0D20:16:22.482767000,x1,99.9371,100.0025,259,266
0D20:16:22.642475000,x3,299.9881,300.0523,247,258
0D20:16:22.642480000,x3,299.9378,300.0331,392,278
0D20:16:22.812365000,x2,199.9181,200.0865,446,266
0D20:16:22.812369000,x2,199.9356,200.0136,446,12
0D20:16:22.842279000,x3,299.9597,300.0909,289,57
0D20:16:22.842283000,x3,299.9639,300.06,353,1
0D20:16:22.983113000,x2,199.9465,200.0678,466,300
0D20:16:22.983130000,x2,199.9075,200.0094,487,476
0D20:16:23.083008000,x2,199.9049,200.064,22,379
0D20:16:23.083017000,x2,199.9741,200.0557,76,463
0D20:16:23.152478000,x2,199.9643,200.0488,391,136
0D20:16:23.152483000,x2,199.9934,200.0535,9,373
0D20:16:23.283025000,x1,99.97082,100.0886,215,142
0D20:16:23.283032000,x1,99.90024,100.0551,138,479
0D20:16:23.662759000,x3,299.9584,300.0696,91,136
0D20:16:23.662764000,x3,299.9768,300.0444,449,379
0D20:16:23.882965000,x3,299.9966,300.0574,252,297
0D20:16:23.882980000,x3,299.9138,300.0623,205,309
0D20:16:23.912160000,x1,99.99138,100.0932,477,12
0D20:16:23.912164000,x1,99.96037,100.0399,354,65
0D20:16:24.063882000,x2,199.9398,200.0437,334,253
0D20:16:24.063895000,x2,199.9078,200.0083,233,139
0D20:16:24.213643000,x2,199.9729,200.0051,358,237
0D20:16:24.213651000,x2,199.9973,200.0321,432,354
0D20:16:24.232931000,x3,299.9937,300.0329,252,371
0D20:16:24.232936000,x3,299.9272,300.0412,187,205
0D20:16:24.282811000,x2,199.9953,200.0103,85,73
0D20:16:24.282816000,x2,199.9129,200.0335,429,147
0D20:16:24.362955000,x2,199.9376,200.0364,447,454
0D20:16:24.362965000,x2,199.9244,200.0433,351,150
0D20:16:24.592875000,x3,299.9503,300.0795,370,435
0D20:16:24.592880000,x3,299.9956,300.0012,160,277
0D20:16:24.762526000,x3,299.9493,300.0487,126,26
0D20:16:24.762531000,x3,299.9708,300.0534,390,114
0D20:16:24.862286000,x3,299.933,300.0159,59,383
0D20:16:24.862292000,x3,299.947,300.0772,376,186
0D20:16:24.993439000,x3,299.9899,300.0217,491,214
0D20:16:24.993444000,x3,299.9052,300.0326,132,360
0D20:16:25.002609000,x3,299.943,300.0865,47,86
0D20:16:25.002615000,x3,299.9242,300.0889,361,138
0D20:16:25.092981000,x2,199.9718,200.0394,305,87
0D20:16:25.092993000,x2,199.9006,200.0061,407,96
0D20:16:25.122672000,x1,99.96924,100.0424,424,274
0D20:16:25.122677000,x1,99.97022,100.0068,19,52
0D20:16:25.163082000,x2,199.9323,200.0014,59,307
0D20:16:25.163088000,x2,199.9812,200.0605,16,341
0D20:16:25.342830000,x2,199.9346,200.0084,474,290
0D20:16:25.342835000,x2,199.9045,200.008,44,490
0D20:16:25.382437000,x3,299.9337,300.0794,2,471
0D20:16:25.382442000,x3,299.9408,300.031,340,339
0D20:16:25.432598000,x3,299.9399,300.0995,327,181
0D20:16:25.432606000,x3,299.9478,300.054,182,476
0D20:16:25.502524000,x2,199.9757,200.0729,485,451
0D20:16:25.502530000,x2,199.9918,200.0065,360,363
0D20:16:25.592833000,x3,299.9385,300.0244,159,363
0D20:16:25.592843000,x3,299.995,300.0851,215,243
0D20:16:25.832978000,x1,99.90962,100.0683,379,469
0D20:16:25.832990000,x1,99.98487,100.0107,372,166
0D20:16:25.883121000,x2,199.9812,200.0957,420,72
0D20:16:25.883132000,x2,199.9609,200.0112,188,154
0D20:16:26.532733000,x3,299.9785,300.0227,90,316
0D20:16:26.532745000,x3,299.911,300.0103,484,398
0D20:16:26.553784000,x1,99.99531,100.0269,8,212
0D20:16:26.553796000,x1,99.92648,100.0494,187,289
0D20:16:26.623024000,x2,199.9603,200.0853,426,100
0D20:16:26.623031000,x2,199.9463,200.0637,293,131
0D20:16:26.873804000,x2,199.9668,200.0179,63,146
0D20:16:26.873820000,x2,199.9593,200.0673,119,103
0D20:16:26.902762000,x2,199.9669,200.0818,289,167
0D20:16:26.902766000,x2,199.9194,200.0918,383,298
0D20:16:27.042359000,x2,199.9805,200.0503,396,143
0D20:16:27.042363000,x2,199.9099,200.0123,254,363
0D20:16:27.062480000,x2,199.9978,200.0065,482,169
0D20:16:27.062486000,x2,199.9938,200.0736,460,112
0D20:16:27.272645000,x2,199.9658,200.06,144,367
0D20:16:27.272650000,x2,199.9961,200.0949,37,67
0D20:16:27.293433000,x3,299.9576,300.0904,413,447
0D20:16:27.293448000,x3,299.9951,300.0167,482,388
0D20:16:27.533770000,x3,299.9825,300.022,175,214
0D20:16:27.533782000,x3,299.9239,300.0873,262,124
0D20:16:27.582846000,x2,199.918,200.0454,275,306
0D20:16:27.582851000,x2,199.999,200.0575,75,456
0D20:16:27.712446000,x3,299.9354,300.0717,65,147
0D20:16:27.712449000,x3,299.9174,300.0189,473,226
0D20:16:27.722335000,x2,199.9355,200.0601,414,393
0D20:16:27.722339000,x2,199.9325,200.058,27,411
0D20:16:27.802605000,x1,99.92439,100.0792,40,68
0D20:16:27.802618000,x1,99.98314,100.0007,356,237
0D20:16:27.813639000,x3,299.9086,300.0822,42,279
0D20:16:27.813654000,x3,299.9511,300.0558,157,456
0D20:16:27.823616000,x3,299.9935,300.0071,58,188
0D20:16:27.823630000,x3,299.9981,300.0158,129,207
0D20:16:27.862409000,x1,99.91819,100.068,162,341
0D20:16:27.862414000,x1,99.92658,100.0144,49,60
0D20:16:27.913518000,x2,199.9856,200.0325,43,263
0D20:16:27.913524000,x2,199.982,200.0244,20,95
0D20:16:28.002268000,x3,299.9185,300.0862,195,329
0D20:16:28.002272000,x3,299.9645,300.0051,27,181
0D20:16:28.083052000,x1,99.94074,100.061,308,322
0D20:16:28.083056000,x1,99.94659,100.0788,355,141
0D20:16:28.142569000,x2,199.9594,200.0919,250,473
0D20:16:28.142573000,x2,199.9978,200.044,106,35
0D20:16:28.312230000,x3,299.9214,300.0284,323,303
0D20:16:28.312236000,x3,299.966,300.0547,58,257
0D20:16:28.653777000,x2,199.9645,200.0148,488,181
0D20:16:28.653801000,x2,199.9719,200.0672,268,259
0D20:16:28.663081000,x1,99.96011,100.0867,278,478
0D20:16:28.663097000,x1,99.99717,100.061,176,113
0D20:16:28.683361000,x3,299.9258,300.0612,382,189
0D20:16:28.683373000,x3,299.924,300.0619,330,499
0D20:16:28.802745000,x1,99.90626,100.0919,245,130
0D20:16:28.802750000,x1,99.93575,100.0045,51,436
0D20:16:28.862857000,x1,99.93787,100.0806,411,357
0D20:16:28.862865000,x1,99.94352,100.0939,269,249
0D20:16:28.903612000,x2,199.9014,200.0283,238,142
0D20:16:28.903627000,x2,199.9381,200.0705,160,346
0D20:16:28.913914000,x1,99.90064,100.0822,30,194
0D20:16:28.913924000,x1,99.94536,100.0815,279,174
0D20:16:28.962687000,x1,99.97741,100.0417,354,428
0D20:16:28.962690000,x1,99.91726,100.0716,160,144
0D20:16:29.062353000,x1,99.9159,100.0751,105,64
0D20:16:29.062358000,x1,99.9617,100.0329,164,330
0D20:16:29.113466000,x2,199.975,200.0241,265,445
0D20:16:29.113472000,x2,199.9562,200.032,481,37
0D20:16:29.162430000,x1,99.93531,100.0487,223,81
0D20:16:29.162437000,x1,99.94215,100.0384,23,348
0D20:16:29.382215000,x2,199.9536,200.056,73,306
0D20:16:29.382221000,x2,199.9329,200.0209,452,440
0D20:16:29.513135000,x2,199.935,200.0863,65,472
0D20:16:29.513140000,x2,199.9145,200.0547,387,382
0D20:16:29.552358000,x3,299.9312,300.0146,141,400
0D20:16:29.552363000,x3,299.9529,300.0187,361,488
0D20:16:29.562369000,x3,299.9108,300.0781,421,349
0D20:16:29.562374000,x3,299.9274,300.0247,453,119
0D20:16:29.602302000,x1,99.97107,100.0303,331,309
0D20:16:29.602307000,x1,99.93315,100.0708,131,413
0D20:16:29.803204000,x2,199.9886,200.0951,450,341
0D20:16:29.803221000,x2,199.9601,200.0255,320,48
0D20:16:29.863539000,x3,299.9284,300.0301,241,387
0D20:16:29.863548000,x3,299.9752,300.0747,249,8
0D20:16:29.902880000,x2,199.9862,200.0564,77,393
0D20:16:29.902885000,x2,199.9897,200.065,493,317
0D20:16:29.952796000,x1,99.91822,100.0615,150,369
0D20:16:29.952801000,x1,99.9741,100.0846,3,240
0D20:16:29.962690000,x3,299.9558,300.0669,240,382
0D20:16:29.962695000,x3,299.9056,300.0733,349,304
0D20:16:29.982722000,x3,299.9593,300.0364,378,213
0D20:16:29.982728000,x3,299.9662,300.0043,313,412
0D20:16:30.072617000,x2,199.9373,200.029,280,229
0D20:16:30.072624000,x2,199.9674,200.001,157,20
0D20:16:30.253148000,x3,299.9818,300.0149,70,13
0D20:16:30.253154000,x3,299.9269,300.0176,212,487
0D20:16:30.332959000,x3,299.9847,300.0392,317,237
0D20:16:30.332964000,x3,299.9395,300.0803,270,423
0D20:16:30.392795000,x3,299.9727,300.0236,413,378
0D20:16:30.392801000,x3,299.929,300.0835,399,215
0D20:16:30.652270000,x2,199.9965,200.0504,145,422
0D20:16:30.652284000,x2,199.9944,200.04,118,334
0D20:16:30.953723000,x2,199.9273,200.0143,416,33
0D20:16:30.953735000,x2,199.9877,200.0076,37,148
0D20:16:31.023327000,x2,199.9044,200.03,204,203
0D20:16:31.023339000,x2,199.9109,200.0957,192,497
0D20:16:31.073062000,x2,199.919,200.0898,258,320
0D20:16:31.073076000,x2,199.9874,200.073,75,384
0D20:16:31.082701000,x3,299.9599,300.0174,62,466
0D20:16:31.082711000,x3,299.9667,300.0522,143,83
0D20:16:31.193133000,x1,99.95495,100.0529,257,253
0D20:16:31.193146000,x1,99.96586,100.0726,464,254
0D20:16:31.312971000,x1,99.98497,100.0039,197,292
0D20:16:31.312984000,x1,99.92433,100.0548,429,291
0D20:16:31.502282000,x1,99.99825,100.0407,352,82
0D20:16:31.502288000,x1,99.92148,100.0124,105,289
0D20:16:31.952370000,x1,99.95531,100.0012,411,109
0D20:16:31.952374000,x1,99.9574,100.0853,271,435
0D20:16:32.092394000,x3,299.9919,300.0922,441,453
0D20:16:32.092399000,x3,299.9211,300.0111,397,22
0D20:16:32.102692000,x2,199.928,200.0834,150,105
0D20:16:32.102697000,x2,199.9627,200.0709,360,262
0D20:16:32.223110000,x2,199.9119,200.0421,190,497
0D20:16:32.223121000,x2,199.9089,200.0027,360,467
0D20:16:32.253047000,x1,99.93096,100.0985,75,274
0D20:16:32.253059000,x1,99.94517,100.0652,152,22
0D20:16:32.323045000,x2,199.9688,200.0782,458,172
0D20:16:32.323050000,x2,199.9439,200.0086,375,115
0D20:16:32.503191000,x3,299.9168,300.0518,97,214
0D20:16:32.503207000,x3,299.9906,300.0969,5,77
0D20:16:32.643105000,x3,299.9099,300.0748,143,403
0D20:16:32.643109000,x3,299.9355,300.0699,308,397
0D20:16:32.692561000,x1,99.93337,100.0375,499,251
0D20:16:32.692566000,x1,99.95482,100.0336,150,202
0D20:16:32.872915000,x2,199.9175,200.0599,54,354
0D20:16:32.872934000,x2,199.9212,200.0542,148,19
0D20:16:32.892996000,x2,199.9625,200.035,431,338
0D20:16:32.893009000,x2,199.9542,200.0814,429,28
0D20:16:32.953135000,x2,199.9149,200.0979,84,14
0D20:16:32.953140000,x2,199.9567,200.0007,245,130
0D20:16:32.982925000,x3,299.9935,300.0553,483,227
0D20:16:32.982931000,x3,299.993,300.0773,493,176
0D20:16:33.033259000,x1,99.93026,100.0175,380,91
0D20:16:33.033276000,x1,99.99579,100.07,363,167
0D20:16:33.332799000,x2,199.9992,200.0443,411,420
0D20:16:33.332805000,x2,199.9705,200.0089,148,353
0D20:16:33.603267000,x2,199.9755,200.0352,437,174
0D20:16:33.603272000,x2,199.9914,200.0661,486,257
0D20:16:33.622290000,x2,199.901,200.0793,125,485
0D20:16:33.622296000,x2,199.9037,200.0415,297,321
0D20:16:33.742890000,x1,99.98491,100.0469,300,378
0D20:16:33.742900000,x1,99.94914,100.0265,498,478
0D20:16:33.813247000,x1,99.99237,100.0869,64,391
0D20:16:33.813257000,x1,99.95181,100.0844,9,176
0D20:16:33.853111000,x2,199.9909,200.0444,320,173
0D20:16:33.853119000,x2,199.9611,200.0772,3,343
0D20:16:33.922856000,x2,199.9455,200.0852,356,228
0D20:16:33.922866000,x2,199.9352,200.0589,88,56
0D20:16:34.053430000,x2,199.9383,200.0054,294,333
0D20:16:34.053436000,x2,199.985,200.0389,97,372
0D20:16:34.142726000,x1,99.94931,100.0119,184,246
0D20:16:34.142734000,x1,99.9061,100.0051,286,499
0D20:16:34.173151000,x1,99.99906,100.0446,45,47
0D20:16:34.173159000,x1,99.9569,100.081,108,201
0D20:16:34.373517000,x2,199.9505,200.0573,380,190
0D20:16:34.373535000,x2,199.9779,200.0217,216,127
0D20:16:34.393325000,x2,199.9247,200.0939,20,237
0D20:16:34.393332000,x2,199.9631,200.0506,497,47
0D20:16:34.523454000,x3,299.9803,300.0927,257,130
0D20:16:34.523466000,x3,299.9777,300.0995,6,251
0D20:16:34.652808000,x2,199.9355,200.0984,499,71
0D20:16:34.652814000,x2,199.9454,200.0137,419,319
0D20:16:34.763413000,x1,99.98603,100.0482,173,400
0D20:16:34.763430000,x1,99.99647,100.0996,387,436
0D20:16:34.792723000,x2,199.9792,200.0549,464,466
0D20:16:34.792730000,x2,199.971,200.0089,368,147
0D20:16:35.043837000,x3,299.9044,300.0323,456,424
0D20:16:35.043850000,x3,299.9718,300.0849,426,290
0D20:16:35.083092000,x1,99.92089,100.0268,386,440
0D20:16:35.083105000,x1,99.99579,100.0001,413,462
0D20:16:35.812663000,x2,199.9507,200.0291,498,110
0D20:16:35.812667000,x2,199.923,200.0274,56,235
0D20:16:35.842735000,x3,299.9832,300.0258,256,380
0D20:16:35.842752000,x3,299.9751,300.0405,194,172
0D20:16:36.003163000,x1,99.95488,100.0709,329,317
0D20:16:36.003175000,x1,99.93274,100.0976,488,352
0D20:16:36.242381000,x2,199.9102,200.0144,319,192
0D20:16:36.242386000,x2,199.9428,200.0359,301,363
0D20:16:36.302538000,x2,199.9374,200.0174,282,134
0D20:16:36.302543000,x2,199.9246,200.0825,444,424
0D20:16:36.472465000,x1,99.99356,100.0706,164,216
0D20:16:36.472472000,x1,99.93321,100.0076,382,480
0D20:16:36.522401000,x3,299.9065,300.0694,170,84
0D20:16:36.522406000,x3,299.982,300.0951,486,391
0D20:16:36.963243000,x3,299.953,300.0604,248,186
0D20:16:36.963253000,x3,299.9028,300.0988,74,223
0D20:16:36.992541000,x3,299.9658,300.0291,109,499
0D20:16:36.992550000,x3,299.9897,300.0442,326,225
0D20:16:37.023120000,x3,299.9119,300.0415,343,276
0D20:16:37.023125000,x3,299.9148,300.012,492,465
0D20:16:37.033126000,x1,99.94847,100.0684,193,364
0D20:16:37.033130000,x1,99.97478,100.0228,274,138
0D20:16:37.042303000,x2,199.9117,200.0979,304,73
0D20:16:37.042320000,x2,199.9342,200.0751,456,349
0D20:16:37.073523000,x3,299.9502,300.0342,132,117
0D20:16:37.073540000,x3,299.9542,300.0097,361,343
0D20:16:37.222627000,x3,299.9,300.0521,162,426
0D20:16:37.222636000,x3,299.927,300.0535,85,174
0D20:16:37.232685000,x3,299.9755,300.0286,74,179
0D20:16:37.232693000,x3,299.9147,300.0256,369,466
0D20:16:37.343416000,x2,199.9151,200.0848,269,134
0D20:16:37.343433000,x2,199.9095,200.0368,281,204
0D20:16:37.482979000,x3,299.9821,300.0301,363,241
0D20:16:37.482984000,x3,299.994,300.0019,223,475
0D20:16:37.642716000,x2,199.9514,200.0114,139,277
0D20:16:37.642733000,x2,199.934,200.0646,78,205
0D20:16:37.692979000,x2,199.9167,200.0627,108,189
0D20:16:37.692997000,x2,199.9257,200.08,277,135
0D20:16:37.742404000,x1,99.91988,100.0477,350,258
0D20:16:37.742409000,x1,99.94763,100.0389,408,191
0D20:16:37.892825000,x3,299.9399,300.0379,458,265
0D20:16:37.892834000,x3,299.9902,300.0268,325,31
0D20:16:37.942742000,x2,199.929,200.0291,417,163
0D20:16:37.942752000,x2,199.9593,200.0161,92,218
0D20:16:38.132609000,x3,299.9708,300.0513,163,65
0D20:16:38.132614000,x3,299.9324,300.0343,211,451
0D20:16:38.142941000,x2,199.9763,200.0376,321,495
0D20:16:38.142957000,x2,199.9253,200.0472,342,32
0D20:16:38.163248000,x1,99.95865,100.0876,220,397
0D20:16:38.163265000,x1,99.93435,100.0851,27,442
0D20:16:38.212726000,x1,99.94648,100.0481,386,267
0D20:16:38.212738000,x1,99.94851,100.0716,115,190
0D20:16:38.223379000,x2,199.9355,200.0814,480,342
0D20:16:38.223392000,x2,199.9562,200.0361,264,197
0D20:16:38.342855000,x2,199.9626,200.0555,490,357
0D20:16:38.342864000,x2,199.991,200.0091,306,432
0D20:16:38.372452000,x2,199.9982,200.0534,347,317
0D20:16:38.372459000,x2,199.9283,200.0017,157,437
0D20:16:38.673548000,x2,199.9746,200.0624,475,444
0D20:16:38.673560000,x2,199.9506,200.0947,249,445
0D20:16:38.752703000,x1,99.90397,100.0451,244,132
0D20:16:38.752708000,x1,99.90178,100.0691,147,167
0D20:16:38.783404000,x3,299.9837,300.0037,371,114
0D20:16:38.783421000,x3,299.9118,300.0681,205,413
0D20:16:38.822915000,x3,299.9961,300.0754,165,306
0D20:16:38.822928000,x3,299.9874,300.0166,370,309
0D20:16:38.973083000,x1,99.98065,100.0595,491,476
0D20:16:38.973100000,x1,99.91605,100.0669,296,138
0D20:16:38.983381000,x3,299.9948,300.0067,384,17
0D20:16:38.983398000,x3,299.9552,300.0222,57,222
0D20:16:39.003587000,x1,99.91576,100.0296,126,339
0D20:16:39.003604000,x1,99.93,100.0307,351,126
0D20:16:39.053145000,x2,199.9347,200.0543,67,328
0D20:16:39.053149000,x2,199.9642,200.0005,163,351
0D20:16:39.083124000,x1,99.96513,100.0784,98,475
0D20:16:39.083140000,x1,99.93356,100.0693,180,188
0D20:16:39.132998000,x3,299.9646,300.0657,323,113
0D20:16:39.133007000,x3,299.925,300.0575,49,470
0D20:16:39.153338000,x1,99.91725,100.0016,127,250
0D20:16:39.153355000,x1,99.99007,100.0116,71,399
0D20:16:39.193587000,x3,299.9696,300.0212,415,328
0D20:16:39.193599000,x3,299.9434,300.0419,248,491
0D20:16:39.322690000,x3,299.9835,300.0008,206,72
0D20:16:39.322695000,x3,299.9502,300.0766,426,266
0D20:16:39.483155000,x2,199.9064,200.0065,255,450
0D20:16:39.483172000,x2,199.9389,200.0096,461,185
0D20:16:39.522686000,x3,299.9266,300.0824,29,173
0D20:16:39.522691000,x3,299.934,300.0977,130,42
0D20:16:39.892539000,x2,199.9808,200.0339,216,420
0D20:16:39.892549000,x2,199.9499,200.066,89,197
0D20:16:39.972310000,x2,199.9557,200.0787,185,424
0D20:16:39.972316000,x2,199.9434,200.0013,59,132
0D20:16:40.032287000,x2,199.9922,200.0723,492,21
0D20:16:40.032292000,x2,199.9412,200.0656,322,168
0D20:16:40.103306000,x3,299.9282,300.0373,247,303
0D20:16:40.103322000,x3,299.9212,300.0158,348,219
0D20:16:40.113236000,x3,299.9498,300.0754,30,170
0D20:16:40.113248000,x3,299.9861,300.0947,434,172
0D20:16:40.152544000,x3,299.9988,300.0354,239,263
0D20:16:40.152554000,x3,299.9374,300.0629,171,295
0D20:16:40.162920000,x3,299.9942,300.0376,14,335
0D20:16:40.162929000,x3,299.926,300.0179,127,466
0D20:16:40.193050000,x1,99.9124,100.029,285,84
0D20:16:40.193055000,x1,99.97857,100.0725,205,270
0D20:16:40.202996000,x3,299.9016,300.0589,236,12
0D20:16:40.203001000,x3,299.9408,300.0462,145,157
0D20:16:40.284139000,x2,199.9456,200.0316,259,1
0D20:16:40.284157000,x2,199.9089,200.0968,397,370
0D20:16:40.422904000,x1,99.91227,100.0045,103,18
0D20:16:40.422912000,x1,99.91391,100.0755,297,394
0D20:16:40.463481000,x1,99.97498,100.0109,344,427
0D20:16:40.463489000,x1,99.94531,100.0582,329,243
0D20:16:40.682604000,x1,99.91587,100.0583,488,93
0D20:16:40.682609000,x1,99.92101,100.0188,435,326
0D20:16:40.823320000,x3,299.9145,300.0507,368,74
0D20:16:40.823333000,x3,299.9008,300.0133,431,157
0D20:16:40.833770000,x1,99.9499,100.0225,494,265
0D20:16:40.833783000,x1,99.93763,100.0324,103,177
0D20:16:40.842664000,x2,199.9168,200.0826,45,256
0D20:16:40.842676000,x2,199.9912,200.0809,46,93
0D20:16:40.923189000,x3,299.9418,300.0507,153,462
0D20:16:40.923201000,x3,299.9617,300.0045,313,349
0D20:16:40.992949000,x3,299.9634,300.0244,363,356
0D20:16:40.992961000,x3,299.9569,300.0897,194,257
0D20:16:41.023094000,x2,199.9672,200.0199,167,76
0D20:16:41.023106000,x2,199.9648,200.0112,284,472
0D20:16:41.032706000,x2,199.952,200.0437,323,483
0D20:16:41.032717000,x2,199.9662,200.0401,220,425
0D20:16:41.042739000,x2,199.9899,200.0352,378,197
0D20:16:41.042749000,x2,199.9342,200.0615,301,209
0D20:16:41.053041000,x2,199.9695,200.0231,320,196
0D20:16:41.053053000,x2,199.9216,200.0939,177,41
0D20:16:41.113011000,x1,99.94997,100.0537,104,400
0D20:16:41.113016000,x1,99.97794,100.0076,417,417
0D20:16:41.272769000,x3,299.9139,300.0198,338,191
0D20:16:41.272773000,x3,299.9384,300.0624,149,389
0D20:16:41.402626000,x3,299.948,300.0467,38,285
0D20:16:41.402631000,x3,299.9373,300.0388,398,468
0D20:16:41.492886000,x2,199.9938,200.0957,369,139
0D20:16:41.492890000,x2,199.9287,200.0671,248,11
0D20:16:41.712244000,x2,199.9554,200.0392,474,367
0D20:16:41.712248000,x2,199.9205,200.042,56,138
0D20:16:41.782573000,x3,299.9084,300.0435,237,193
0D20:16:41.782577000,x3,299.9587,300.0203,237,293
0D20:16:41.812531000,x2,199.9056,200.0362,258,116
0D20:16:41.812535000,x2,199.9377,200.0147,212,176
0D20:16:41.902699000,x3,299.9641,300.0386,276,114
0D20:16:41.902705000,x3,299.9105,300.0939,65,351
0D20:16:41.912963000,x2,199.9476,200.0237,302,479
0D20:16:41.912970000,x2,199.9667,200.0526,94,139
0D20:16:41.953193000,x1,99.95424,100.0233,228,216
0D20:16:41.953211000,x1,99.98319,100.0071,70,290
0D20:16:42.073088000,x2,199.9677,200.0733,490,129
0D20:16:42.073098000,x2,199.9262,200.0807,261,195
0D20:16:42.322726000,x2,199.948,200.0603,229,307
0D20:16:42.322733000,x2,199.9663,200.0865,278,50
0D20:16:42.483029000,x1,99.9687,100.0268,231,124
0D20:16:42.483038000,x1,99.98774,100.0886,313,220
0D20:16:42.763450000,x3,299.9295,300.027,459,485
0D20:16:42.763463000,x3,299.9737,300.0056,350,68
0D20:16:42.782806000,x2,199.9314,200.0014,196,111
0D20:16:42.782810000,x2,199.9417,200.0838,401,161
0D20:16:42.802730000,x1,99.91567,100.0501,379,443
0D20:16:42.802734000,x1,99.99569,100.016,152,313
0D20:16:43.332709000,x1,99.97466,100.0558,210,180
0D20:16:43.332714000,x1,99.93767,100.0986,78,418
0D20:16:43.362695000,x3,299.9708,300.0306,67,70
0D20:16:43.362701000,x3,299.9916,300.0154,84,27
0D20:16:43.423860000,x2,199.9505,200.0475,497,289
0D20:16:43.423870000,x2,199.9246,200.0887,27,214
0D20:16:43.442827000,x2,199.9824,200.0202,390,266
0D20:16:43.442844000,x2,199.982,200.0067,348,143
0D20:16:43.692571000,x1,99.97425,100.0061,173,113
0D20:16:43.692578000,x1,99.92824,100.0616,153,348
0D20:16:43.712680000,x1,99.98817,100.0005,73,204
0D20:16:43.712685000,x1,99.97413,100.0982,43,181
0D20:16:43.893562000,x3,299.9868,300.0215,396,51
0D20:16:43.893577000,x3,299.937,300.071,42,407
0D20:16:43.932527000,x1,99.96338,100.0913,236,249
0D20:16:43.932531000,x1,99.9734,100.059,190,149
0D20:16:44.122367000,x2,199.9303,200.0461,227,266
0D20:16:44.122377000,x2,199.9672,200.0148,96,220
0D20:16:44.162792000,x2,199.9193,200.0548,148,245
0D20:16:44.162797000,x2,199.9401,200.0235,304,277
0D20:16:44.182426000,x2,199.9771,200.0261,250,451
0D20:16:44.182431000,x2,199.9482,200.06,425,104
0D20:16:44.282794000,x1,99.93756,100.0866,405,193
0D20:16:44.282800000,x1,99.97284,100.0302,392,89
0D20:16:44.343670000,x1,99.98568,100.0624,102,346
0D20:16:44.343687000,x1,99.97254,100.024,362,473
0D20:16:45.053293000,x2,199.9241,200.0777,189,291
0D20:16:45.053310000,x2,199.9167,200.0148,212,317
0D20:16:45.122849000,x1,99.92472,100.0959,421,399
0D20:16:45.122854000,x1,99.93456,100.0796,154,303
0D20:16:45.232699000,x2,199.9848,200.0805,97,432
0D20:16:45.232704000,x2,199.9145,200.0038,7,220
0D20:16:45.423620000,x2,199.9594,200.0582,273,91
0D20:16:45.423633000,x2,199.9067,200.0951,23,427
0D20:16:45.473304000,x3,299.9764,300.0284,65,468
0D20:16:45.473315000,x3,299.9549,300.0289,370,59
0D20:16:45.592659000,x1,99.92031,100.0687,31,59
0D20:16:45.592664000,x1,99.92407,100.0141,220,226
0D20:16:45.632860000,x1,99.97255,100.0855,157,186
0D20:16:45.632867000,x1,99.97016,100.0266,279,38
0D20:16:45.662741000,x2,199.937,200.0198,420,482
0D20:16:45.662748000,x2,199.9036,200.003,149,430
0D20:16:45.752581000,x2,199.9755,200.0854,470,317
0D20:16:45.752598000,x2,199.9454,200.0125,47,455
0D20:16:45.782874000,x2,199.9118,200.0343,165,420
0D20:16:45.782886000,x2,199.9059,200.0781,188,343
0D20:16:45.813548000,x3,299.9052,300.042,138,43
0D20:16:45.813553000,x3,299.9459,300.0308,296,79
0D20:16:45.862771000,x3,299.9067,300.0218,86,312
0D20:16:45.862776000,x3,299.9577,300.0674,395,167
0D20:16:45.922571000,x2,199.9996,200.017,135,288
0D20:16:45.922576000,x2,199.9562,200.0038,2,442
0D20:16:45.953003000,x2,199.9946,200.0471,265,329
0D20:16:45.953020000,x2,199.9273,200.0327,124,112
0D20:16:45.963161000,x2,199.9517,200.0397,260,24
0D20:16:45.963178000,x2,199.9402,200.0001,141,377
0D20:16:46.043481000,x1,99.96678,100.0598,469,198
0D20:16:46.043493000,x1,99.93439,100.0467,118,271
0D20:16:46.073407000,x2,199.9176,200.0656,100,86
0D20:16:46.073418000,x2,199.9004,200.0202,164,176
0D20:16:46.113524000,x1,99.99255,100.0639,346,90
0D20:16:46.113537000,x1,99.98202,100.0453,225,453
0D20:16:46.163176000,x2,199.9861,200.0309,51,388
0D20:16:46.163189000,x2,199.9561,200.0285,401,15
0D20:16:46.182872000,x2,199.985,200.0374,211,3
0D20:16:46.182884000,x2,199.9722,200.0676,476,382
0D20:16:46.193094000,x3,299.9814,300.0756,136,284
0D20:16:46.193106000,x3,299.9554,300.0054,89,423
0D20:16:46.262861000,x2,199.9543,200.0383,130,264
0D20:16:46.262873000,x2,199.9091,200.0377,447,145
0D20:16:46.293010000,x1,99.98203,100.0242,96,369
0D20:16:46.293015000,x1,99.94824,100.0782,470,282
0D20:16:46.353595000,x3,299.9738,300.0691,312,460
0D20:16:46.353612000,x3,299.993,300.0634,295,350
0D20:16:46.423498000,x3,299.9587,300.0744,156,299
0D20:16:46.423507000,x3,299.9613,300.0227,339,359
0D20:16:46.432526000,x1,99.93805,100.0767,192,331
0D20:16:46.432534000,x1,99.91453,100.0928,49,178
0D20:16:46.463188000,x1,99.94861,100.0179,233,284
0D20:16:46.463192000,x1,99.96545,100.0308,28,89
0D20:16:46.553434000,x1,99.9509,100.0077,215,346
0D20:16:46.553451000,x1,99.98603,100.0839,200,142
0D20:16:46.602376000,x3,299.9616,300.0776,21,94
0D20:16:46.602381000,x3,299.9885,300.0321,493,127
0D20:16:46.682957000,x1,99.9199,100.0713,462,400
0D20:16:46.682973000,x1,99.97516,100.0489,447,397
0D20:16:46.733202000,x3,299.9581,300.0052,255,166
0D20:16:46.733208000,x3,299.9447,300.0024,482,499
0D20:16:46.792609000,x2,199.9235,200.0269,83,138
0D20:16:46.792614000,x2,199.966,200.0621,162,100
0D20:16:46.852611000,x1,99.90346,100.0056,382,119
0D20:16:46.852616000,x1,99.93491,100.0826,89,171
0D20:16:46.872383000,x2,199.9692,200.0203,356,97
0D20:16:46.872388000,x2,199.9799,200.0168,13,390
0D20:16:47.002305000,x2,199.9869,200.0992,357,485
0D20:16:47.002309000,x2,199.976,200.0336,231,327
0D20:16:47.033065000,x3,299.9409,300.0151,314,478
0D20:16:47.033070000,x3,299.9573,300.0826,217,91
0D20:16:47.053952000,x1,99.95158,100.0586,263,235
0D20:16:47.053961000,x1,99.98756,100.008,213,283
0D20:16:47.372899000,x1,99.97216,100.0662,96,22
0D20:16:47.372904000,x1,99.99661,100.0886,74,424
0D20:16:47.552859000,x1,99.91872,100.0927,466,480
0D20:16:47.552863000,x1,99.95618,100.0516,358,317
0D20:16:47.572768000,x3,299.9765,300.0629,274,63
0D20:16:47.572773000,x3,299.9966,300.0535,149,29
0D20:16:47.582238000,x2,199.9271,200.0419,187,85
0D20:16:47.582243000,x2,199.9168,200.0387,220,357
0D20:16:47.612589000,x3,299.9231,300.0649,110,137
0D20:16:47.612593000,x3,299.9204,300.0077,231,325
0D20:16:47.772188000,x2,199.9802,200.0322,8,329
0D20:16:47.772192000,x2,199.9032,200.0728,329,12
0D20:16:47.932859000,x1,99.96428,100.0397,364,243
0D20:16:47.932863000,x1,99.90603,100.0761,6,159
0D20:16:48.062229000,x3,299.912,300.0861,487,43
0D20:16:48.062234000,x3,299.9427,300.0711,354,442
0D20:16:48.103058000,x1,99.91976,100.0648,262,330
0D20:16:48.103063000,x1,99.90777,100.0645,96,397
0D20:16:48.142886000,x1,99.92945,100.05,231,334
0D20:16:48.142889000,x1,99.98488,100.0298,311,181
0D20:16:48.182858000,x1,99.9792,100.0742,359,36
0D20:16:48.182861000,x1,99.96532,100.073,104,85
0D20:16:48.392294000,x3,299.9006,300.0123,493,17
0D20:16:48.392299000,x3,299.9987,300.0606,436,474
0D20:16:48.524115000,x1,99.90876,100.0518,427,266
0D20:16:48.524132000,x1,99.94349,100.0834,355,415
0D20:16:48.543046000,x3,299.9829,300.0436,26,156
0D20:16:48.543059000,x3,299.9885,300.0391,52,194
0D20:16:48.572938000,x2,199.9888,200.006,262,51
0D20:16:48.572950000,x2,199.9133,200.0027,457,459
0D20:16:48.643263000,x2,199.9475,200.0154,190,50
0D20:16:48.643268000,x2,199.9589,200.0461,406,54
0D20:16:48.763035000,x2,199.9634,200.065,445,328
0D20:16:48.763040000,x2,199.9401,200.0796,430,78
0D20:16:48.913739000,x3,299.9593,300.0788,164,339
0D20:16:48.913756000,x3,299.9026,300.0949,150,95
0D20:16:48.953735000,x3,299.9824,300.0942,250,109
0D20:16:48.953747000,x3,299.932,300.0235,128,315
0D20:16:49.002728000,x3,299.9674,300.0951,227,116
0D20:16:49.002740000,x3,299.9952,300.0644,300,237
0D20:16:49.122871000,x3,299.9808,300.0542,499,44
0D20:16:49.122876000,x3,299.9932,300.0836,6,396
0D20:16:49.162694000,x3,299.9402,300.0797,83,467
0D20:16:49.162699000,x3,299.9419,300.0866,114,477
0D20:16:49.533148000,x1,99.93381,100.0945,119,448
0D20:16:49.533153000,x1,99.9945,100.0159,329,249
0D20:16:49.613513000,x2,199.9677,200.06,287,470
0D20:16:49.613522000,x2,199.9759,200.0291,494,467
0D20:16:49.622535000,x1,99.90878,100.0624,161,296
0D20:16:49.622541000,x1,99.92119,100.0693,297,468
0D20:16:49.722889000,x1,99.99246,100.0465,16,433
0D20:16:49.722906000,x1,99.92978,100.033,92,390
0D20:16:49.812975000,x3,299.9963,300.0537,54,494
0D20:16:49.812987000,x3,299.9701,300.0064,117,280
0D20:16:49.963472000,x3,299.9975,300.0489,129,435
0D20:16:49.963484000,x3,299.9944,300.0481,173,106
0D20:16:50.042210000,x2,199.9972,200.0893,232,292
0D20:16:50.042214000,x2,199.971,200.026,259,65
0D20:16:50.363769000,x3,299.9969,300.0649,144,245
0D20:16:50.363781000,x3,299.9417,300.0352,318,120
0D20:16:50.472279000,x3,299.9281,300.0565,329,165
0D20:16:50.472284000,x3,299.992,300.0152,383,98
0D20:16:50.533269000,x1,99.94053,100.026,78,353
0D20:16:50.533282000,x1,99.91526,100.0018,409,422
0D20:16:50.583542000,x3,299.9724,300.0454,24,94
0D20:16:50.583558000,x3,299.9535,300.0928,405,165
0D20:16:50.682982000,x1,99.92755,100.0211,111,280
0D20:16:50.682988000,x1,99.94064,100.0855,415,259
0D20:16:50.872670000,x3,299.9397,300.0795,180,139
0D20:16:50.872675000,x3,299.9025,300.0035,309,262
0D20:16:51.052728000,x3,299.9334,300.0751,111,150
0D20:16:51.052733000,x3,299.9518,300.0585,340,378
0D20:16:51.452679000,x3,299.9943,300.0102,121,188
0D20:16:51.452684000,x3,299.9155,300.0578,442,256
0D20:16:51.662434000,x1,99.94059,100.0269,452,341
0D20:16:51.662448000,x1,99.93443,100.0533,321,411
0D20:16:51.723362000,x3,299.9386,300.0594,451,204
0D20:16:51.723367000,x3,299.9964,300.0823,249,414
0D20:16:51.772421000,x2,199.9052,200.0885,448,141
0D20:16:51.772426000,x2,199.9225,200.0305,56,323
0D20:16:51.802262000,x1,99.95392,100.014,217,33
0D20:16:51.802267000,x1,99.95881,100.0171,210,252
0D20:16:51.863620000,x2,199.982,200.0535,442,310
0D20:16:51.863637000,x2,199.9676,200.031,88,58
0D20:16:51.982639000,x3,299.967,300.0634,43,106
0D20:16:51.982655000,x3,299.973,300.0876,40,89
0D20:16:52.033077000,x2,199.9086,200.0678,128,289
0D20:16:52.033085000,x2,199.9671,200.0596,438,464
0D20:16:52.102836000,x1,99.96869,100.0707,394,203
0D20:16:52.102844000,x1,99.97322,100.0472,184,51
0D20:16:52.413188000,x2,199.9279,200.0305,375,93
0D20:16:52.413193000,x2,199.9516,200.0794,333,39
0D20:16:52.543097000,x1,99.92657,100.0528,304,204
0D20:16:52.543110000,x1,99.97524,100.0537,349,55
0D20:16:52.673357000,x1,99.95242,100.0583,320,393
0D20:16:52.673362000,x1,99.90875,100.0665,31,482
0D20:16:52.813116000,x1,99.98465,100.0503,118,294
0D20:16:52.813128000,x1,99.99791,100.009,99,325
0D20:16:53.262445000,x2,199.9325,200.0871,182,191
0D20:16:53.262450000,x2,199.9071,200.0385,453,114
0D20:16:53.302315000,x2,199.9916,200.0601,197,246
0D20:16:53.302320000,x2,199.925,200.0976,408,446
0D20:16:53.342216000,x2,199.9378,200.0278,402,259
0D20:16:53.342221000,x2,199.9715,200.0882,379,230
0D20:16:53.383357000,x3,299.9459,300.0545,412,381
0D20:16:53.383367000,x3,299.9434,300.0117,209,130
0D20:16:53.432630000,x2,199.9572,200.0718,395,469
0D20:16:53.432647000,x2,199.9476,200.0951,272,317
0D20:16:53.522687000,x1,99.98435,100.028,416,106
0D20:16:53.522697000,x1,99.94085,100.0213,475,21
0D20:16:53.552484000,x3,299.9151,300.0853,264,490
0D20:16:53.552489000,x3,299.9318,300.0564,53,199
0D20:16:53.702369000,x1,99.9658,100.0725,493,435
0D20:16:53.702374000,x1,99.95025,100.0802,262,234
0D20:16:53.712549000,x1,99.97629,100.0576,31,30
0D20:16:53.712554000,x1,99.99657,100.0891,443,288
0D20:16:53.812379000,x1,99.94123,100.0564,144,259
0D20:16:53.812385000,x1,99.97579,100.0471,346,460
0D20:16:53.822600000,x2,199.944,200.0058,176,367
0D20:16:53.822607000,x2,199.9996,200.0965,135,18
0D20:16:53.892410000,x1,99.93494,100.0851,410,222
0D20:16:53.892414000,x1,99.97489,100.096,70,115
0D20:16:54.062662000,x3,299.9002,300.0903,239,144
0D20:16:54.062692000,x3,299.9231,300.0129,83,45
0D20:16:54.093544000,x3,299.9027,300.0955,321,390
0D20:16:54.093556000,x3,299.9889,300.0667,438,255
0D20:16:54.262827000,x3,299.9727,300.0345,364,485
0D20:16:54.262839000,x3,299.9552,300.0021,483,397
0D20:16:54.393065000,x2,199.9534,200.0148,34,475
0D20:16:54.393076000,x2,199.9652,200.0764,278,190
0D20:16:54.452649000,x2,199.9247,200.0945,33,359
0D20:16:54.452654000,x2,199.9048,200.0018,336,270
0D20:16:54.523223000,x2,199.9716,200.0467,147,205
0D20:16:54.523240000,x2,199.9882,200.0553,264,422
0D20:16:54.712456000,x3,299.9577,300.0553,484,254
0D20:16:54.712463000,x3,299.9855,300.092,443,145
0D20:16:54.893148000,x2,199.9181,200.0959,331,184
0D20:16:54.893164000,x2,199.9942,200.086,26,454
0D20:16:54.943452000,x3,299.9551,300.0659,186,19
0D20:16:54.943469000,x3,299.9787,300.0693,458,123
0D20:16:55.062450000,x1,99.95423,100.0868,475,451
0D20:16:55.062466000,x1,99.99237,100.0156,353,268
0D20:16:55.083543000,x3,299.9698,300.0025,54,289
0D20:16:55.083558000,x3,299.9352,300.072,84,58
0D20:16:55.093451000,x3,299.9974,300.0052,324,36
0D20:16:55.093466000,x3,299.9464,300.0972,307,421
0D20:16:55.172826000,x1,99.91011,100.0216,170,143
0D20:16:55.172831000,x1,99.99933,100.0687,14,490
0D20:16:55.333466000,x1,99.99723,100.0058,444,75
0D20:16:55.333479000,x1,99.92997,100.0635,282,331
0D20:16:55.352817000,x1,99.96248,100.0955,73,346
0D20:16:55.352830000,x1,99.96428,100.0847,107,206
0D20:16:55.362762000,x1,99.95365,100.0018,94,38
0D20:16:55.362774000,x1,99.99062,100.0077,447,39
0D20:16:55.403089000,x2,199.9525,200.0322,325,228
0D20:16:55.403097000,x2,199.9092,200.0686,236,73
0D20:16:55.522688000,x1,99.982,100.0896,34,181
0D20:16:55.522692000,x1,99.94118,100.0566,166,473
0D20:16:55.533541000,x2,199.9514,200.069,375,75
0D20:16:55.533547000,x2,199.96,200.0772,426,306
0D20:16:55.623072000,x1,99.99008,100.0194,36,23
0D20:16:55.623078000,x1,99.9009,100.0575,25,447
0D20:16:55.922879000,x3,299.9801,300.0243,343,60
0D20:16:55.922884000,x3,299.9537,300.0011,495,279
0D20:16:55.953347000,x3,299.9548,300.0634,158,435
0D20:16:55.953361000,x3,299.9365,300.0792,327,469
0D20:16:56.022678000,x2,199.948,200.0463,387,335
0D20:16:56.022682000,x2,199.9815,200.0929,364,176
0D20:16:56.042669000,x1,99.99522,100.0537,381,371
0D20:16:56.042672000,x1,99.99173,100.056,288,186
0D20:16:56.162848000,x3,299.9819,300.0293,154,384
0D20:16:56.162852000,x3,299.9378,300.0577,91,265
0D20:16:56.482474000,x1,99.95466,100.0142,152,333
0D20:16:56.482478000,x1,99.97787,100.0314,14,221
0D20:16:56.623031000,x1,99.95304,100.0771,294,45
0D20:16:56.623044000,x1,99.92051,100.0076,24,329
0D20:16:56.673115000,x3,299.9537,300.0627,83,147
0D20:16:56.673130000,x3,299.9153,300.0125,300,123
0D20:16:56.683665000,x1,99.98617,100.0609,137,438
0D20:16:56.683681000,x1,99.93238,100.0816,32,382
0D20:16:56.803717000,x2,199.9206,200.0523,252,306
0D20:16:56.803733000,x2,199.9017,200.003,438,176
0D20:16:56.823866000,x3,299.9589,300.0408,447,198
0D20:16:56.823889000,x3,299.9625,300.0103,63,320
0D20:16:56.873871000,x3,299.9019,300.0075,396,321
0D20:16:56.873887000,x3,299.9344,300.0345,99,236
0D20:16:57.032464000,x1,99.92744,100.0939,258,17
0D20:16:57.032468000,x1,99.9573,100.0004,200,102
0D20:16:57.082846000,x1,99.9194,100.0053,254,372
0D20:16:57.082851000,x1,99.99408,100.0334,15,108
0D20:16:57.242446000,x2,199.9119,200.0164,387,281
0D20:16:57.242450000,x2,199.9557,200.0816,308,479
0D20:16:57.363036000,x2,199.9339,200.0168,381,426
0D20:16:57.363049000,x2,199.9479,200.0998,3,120
0D20:16:57.422862000,x2,199.9583,200.0582,335,412
0D20:16:57.422876000,x2,199.9318,200.0984,183,153
0D20:16:57.473710000,x1,99.94171,100.0121,10,52
0D20:16:57.473721000,x1,99.90649,100.0114,485,220
0D20:16:57.663274000,x2,199.9323,200.0106,136,369
0D20:16:57.663287000,x2,199.9834,200.0122,405,232
0D20:16:57.713395000,x2,199.9554,200.0011,461,238
0D20:16:57.713409000,x2,199.9466,200.0711,111,425
0D20:16:57.723001000,x1,99.92935,100.0175,325,267
0D20:16:57.723009000,x1,99.90057,100.0816,221,425
0D20:16:57.772269000,x2,199.9372,200.0889,436,28
0D20:16:57.772273000,x2,199.9215,200.0675,324,408
0D20:16:57.803326000,x3,299.9818,300.0694,182,43
0D20:16:57.803336000,x3,299.924,300.0935,95,140
0D20:16:57.922172000,x2,199.9365,200.0714,418,38
0D20:16:57.922177000,x2,199.9731,200.0853,486,281
0D20:16:57.983327000,x2,199.9172,200.0993,353,428
0D20:16:57.983342000,x2,199.9365,200.093,196,458
0D20:16:58.132880000,x3,299.9942,300.0899,12,360
0D20:16:58.132890000,x3,299.9149,300.0487,274,79
0D20:16:58.183757000,x2,199.9743,200.0718,258,232
0D20:16:58.183767000,x2,199.9487,200.0546,231,400
0D20:16:58.203204000,x3,299.9714,300.0283,152,191
0D20:16:58.203209000,x3,299.9813,300.0184,253,229
0D20:16:58.222352000,x3,299.9968,300.0161,480,165
0D20:16:58.222357000,x3,299.9617,300.0033,480,108
0D20:16:58.252329000,x1,99.94479,100.0451,407,93
0D20:16:58.252336000,x1,99.92527,100.0214,90,129
0D20:16:58.332735000,x3,299.9223,300.0343,26,47
0D20:16:58.332741000,x3,299.9765,300.0177,382,259
0D20:16:58.362397000,x3,299.931,300.0724,126,334
0D20:16:58.362400000,x3,299.9364,300.0425,372,357
0D20:16:58.372856000,x1,99.96668,100.0839,111,40
0D20:16:58.372861000,x1,99.95984,100.0638,394,33
0D20:16:58.382649000,x2,199.9699,200.0842,393,100
0D20:16:58.382655000,x2,199.9368,200.0444,442,347
0D20:16:58.403092000,x2,199.9959,200.0377,26,314
0D20:16:58.403098000,x2,199.9687,200.0411,491,158
0D20:16:58.482787000,x3,299.9188,300.0707,48,51
0D20:16:58.482794000,x3,299.9834,300.0092,21,296
0D20:16:58.512743000,x3,299.9371,300.0274,249,22
0D20:16:58.512750000,x3,299.9994,300.0771,480,92
0D20:16:58.593796000,x3,299.9069,300.0181,162,3
0D20:16:58.593811000,x3,299.9356,300.011,31,272
0D20:16:58.902398000,x3,299.9427,300.0188,499,226
0D20:16:58.902403000,x3,299.9832,300.0794,285,226
0D20:16:58.982967000,x1,99.95443,100.0534,297,257
0D20:16:58.982973000,x1,99.9581,100.0652,161,459
0D20:16:59.032797000,x3,299.9506,300.0224,498,390
0D20:16:59.032804000,x3,299.976,300.0537,440,269
0D20:16:59.042782000,x1,99.93832,100.0455,302,447
0D20:16:59.042798000,x1,99.92307,100.0168,96,88
0D20:16:59.053820000,x1,99.96715,100.0118,129,133
0D20:16:59.053836000,x1,99.90244,100.0297,373,70
0D20:16:59.073774000,x1,99.98609,100.0452,497,469
0D20:16:59.073790000,x1,99.92973,100.0649,221,268
0D20:16:59.203075000,x3,299.9305,300.0625,235,217
0D20:16:59.203085000,x3,299.9155,300.0912,354,181
0D20:16:59.273709000,x1,99.93919,100.0791,188,82
0D20:16:59.273719000,x1,99.97991,100.06,499,31
0D20:16:59.302713000,x2,199.9972,200.0582,214,425
0D20:16:59.302719000,x2,199.9823,200.0812,130,405
0D20:16:59.462934000,x2,199.957,200.0734,332,119
0D20:16:59.462945000,x2,199.9368,200.0798,15,499
0D20:16:59.513088000,x1,99.90965,100.0564,145,212
0D20:16:59.513099000,x1,99.9724,100.0967,162,359
0D20:16:59.543380000,x2,199.9072,200.0904,4,399
0D20:16:59.543392000,x2,199.9644,200.089,302,129
0D20:16:59.653509000,x1,99.91863,100.0545,376,249
0D20:16:59.653520000,x1,99.90543,100.0359,27,389
0D20:16:59.883099000,x3,299.9984,300.0041,494,344
0D20:16:59.883109000,x3,299.9454,300.0938,332,27
0D20:16:59.922762000,x3,299.9564,300.0086,22,46
0D20:16:59.922770000,x3,299.9701,300.0053,48,340
0D20:17:00.002502000,x1,99.97198,100.0082,225,173
0D20:17:00.002507000,x1,99.91248,100.0022,111,438
0D20:17:00.073557000,x2,199.9063,200.0699,445,206
0D20:17:00.073562000,x2,199.9428,200.0114,262,76
0D20:17:00.083152000,x3,299.9735,300.0595,175,175
0D20:17:00.083157000,x3,299.9936,300.023,368,99
0D20:17:00.113632000,x3,299.9858,300.0517,274,199
0D20:17:00.113649000,x3,299.9686,300.0936,32,186
0D20:17:00.123054000,x3,299.9904,300.0599,388,113
0D20:17:00.123072000,x3,299.9021,300.0929,409,208
0D20:17:00.282660000,x1,99.91781,100.0195,173,358
0D20:17:00.282664000,x1,99.93544,100.0146,40,385
0D20:17:00.613061000,x1,99.98036,100.0239,207,358
0D20:17:00.613067000,x1,99.93377,100.0711,35,276
0D20:17:00.842751000,x1,99.93922,100.0438,498,217
0D20:17:00.842768000,x1,99.90923,100.0526,459,325
0D20:17:00.932834000,x3,299.9249,300.0526,390,84
0D20:17:00.932851000,x3,299.9304,300.0532,400,108
0D20:17:01.052858000,x2,199.997,200.0071,292,393
0D20:17:01.052862000,x2,199.9899,200.0325,266,249
0D20:17:01.292756000,x3,299.9201,300.0873,419,445
0D20:17:01.292761000,x3,299.9254,300.0678,186,38
0D20:17:01.553200000,x1,99.99499,100.0113,68,272
0D20:17:01.553205000,x1,99.99681,100.087,230,335
0D20:17:01.662753000,x3,299.9414,300.0502,91,199
0D20:17:01.662770000,x3,299.9604,300.0512,44,438
0D20:17:01.812829000,x3,299.9565,300.064,373,187
0D20:17:01.812833000,x3,299.9566,300.0346,486,187
0D20:17:01.823181000,x1,99.96548,100.0476,305,472
0D20:17:01.823186000,x1,99.90539,100.0346,120,402
0D20:17:01.832462000,x1,99.91754,100.0173,305,331
0D20:17:01.832467000,x1,99.95853,100.0058,408,392
0D20:17:01.872905000,x1,99.9028,100.0395,256,134
0D20:17:01.872921000,x1,99.98896,100.0184,335,133
0D20:17:01.973292000,x2,199.9426,200.0658,350,366
0D20:17:01.973302000,x2,199.9881,200.0868,390,16
0D20:17:01.982560000,x2,199.9096,200.0038,54,83
