time,sym,price,qty
0D16:57:01.669076000,x2,200.0316,240
0D16:57:01.669083000,x2,200.0736,49
0D16:57:01.679217000,x1,99.95423,197
0D16:57:01.679221000,x1,99.90447,14
0D16:57:01.688401000,x2,200.0313,441
0D16:57:01.688404000,x2,200.0324,198
0D16:57:01.698382000,x3,300.012,30
0D16:57:01.698386000,x3,300.046,282
0D16:57:01.708993000,x3,299.9555,246
0D16:57:01.708997000,x3,299.9245,259
0D16:57:01.718995000,x3,300.0193,499
0D16:57:01.719000000,x3,299.9415,9
0D16:57:01.729182000,x1,100.0828,385
0D16:57:01.729186000,x1,100.0181,402
0D16:57:01.739350000,x3,300.0244,182
0D16:57:01.739354000,x3,300.0218,356
0D16:57:01.748372000,x2,199.9509,85
0D16:57:01.748377000,x2,200.073,323
0D16:57:01.758505000,x1,100.0773,375
0D16:57:01.758510000,x1,100.0927,110
0D16:57:01.778935000,x3,300.0829,456
0D16:57:01.778939000,x3,299.941,96
0D16:57:01.789142000,x1,100.0601,253
0D16:57:01.789147000,x1,99.93717,201
0D16:57:01.808321000,x2,199.9352,164
0D16:57:01.808327000,x2,200.0232,88
0D16:57:01.828790000,x3,299.9877,38
0D16:57:01.828795000,x3,299.9967,264
0D16:57:01.839432000,x1,99.98508,421
0D16:57:01.839437000,x1,100.0403,13
0D16:57:01.848315000,x3,300.0252,332
0D16:57:01.848320000,x3,299.9951,472
0D16:57:01.858558000,x2,199.9239,298
0D16:57:01.858564000,x2,199.9719,245
0D16:57:01.869285000,x3,300.0531,335
0D16:57:01.869290000,x3,300.0092,397
0D16:57:01.878628000,x2,199.9001,324
0D16:57:01.878635000,x2,200.0599,479
0D16:57:01.888706000,x2,199.9255,301
0D16:57:01.888711000,x2,200.0728,177
0D16:57:01.898461000,x3,300.0918,422
0D16:57:01.898464000,x3,299.967,84
0D16:57:01.918953000,x2,199.9829,377
0D16:57:01.918957000,x2,200.0117,424
0D16:57:01.929147000,x2,199.9251,81
0D16:57:01.929151000,x2,199.9548,233
0D16:57:01.939462000,x3,300.0863,288
0D16:57:01.939467000,x3,300.038,486
0D16:57:01.948733000,x1,99.99149,44
0D16:57:01.948750000,x1,100.0705,252
0D16:57:01.959762000,x1,99.92446,296
0D16:57:01.959766000,x1,99.99209,474
0D16:57:01.969302000,x2,199.9586,262
0D16:57:01.969317000,x2,200.0668,255
0D16:57:01.979108000,x3,299.9827,381
0D16:57:01.979123000,x3,300.022,61
0D16:57:01.989053000,x3,300.02,308
0D16:57:01.989068000,x3,300.0885,240
0D16:57:02.009766000,x2,199.9029,230
0D16:57:02.009777000,x2,199.9195,35
0D16:57:02.018952000,x1,100.0498,491
0D16:57:02.018968000,x1,100.0829,5
0D16:57:02.029203000,x2,199.9073,446
0D16:57:02.029218000,x2,199.9527,139
0D16:57:02.039544000,x3,299.9798,436
0D16:57:02.039555000,x3,300.0243,103
0D16:57:02.048962000,x3,300.0175,475
0D16:57:02.048971000,x3,299.9481,68
0D16:57:02.059214000,x3,300.0168,33
0D16:57:02.059223000,x3,299.9194,283
0D16:57:02.068939000,x2,200.0707,369
0D16:57:02.068948000,x2,199.9969,456
0D16:57:02.079475000,x1,100.0205,121
0D16:57:02.079483000,x1,99.9057,288
0D16:57:02.089160000,x1,100.0536,454
0D16:57:02.089169000,x1,100.0025,349
0D16:57:02.098931000,x1,99.92906,444
0D16:57:02.098939000,x1,100.0872,90
0D16:57:02.108757000,x3,299.9251,254
0D16:57:02.108764000,x3,300.0303,119
0D16:57:02.118800000,x3,300.0605,435
0D16:57:02.118810000,x3,300.0462,312
0D16:57:02.128768000,x1,100.0924,163
0D16:57:02.128776000,x1,99.9138,381
0D16:57:02.139536000,x2,200.0307,224
0D16:57:02.139545000,x2,200.0198,48
0D16:57:02.148675000,x1,99.92743,251
0D16:57:02.148684000,x1,99.91413,183
0D16:57:02.158780000,x1,99.91577,253
0D16:57:02.158785000,x1,100.0625,196
0D16:57:02.168740000,x1,100.0206,260
0D16:57:02.168742000,x1,99.90126,446
0D16:57:02.188651000,x1,100.0277,306
0D16:57:02.188656000,x1,99.9414,76
0D16:57:02.198473000,x3,299.9237,482
0D16:57:02.198478000,x3,299.9452,159
0D16:57:02.209297000,x1,99.92356,271
0D16:57:02.209302000,x1,99.93966,54
0D16:57:02.218732000,x1,99.92265,94
0D16:57:02.218737000,x1,100.0264,378
0D16:57:02.228862000,x1,99.97385,370
0D16:57:02.228868000,x1,99.98861,44
0D16:57:02.239364000,x1,99.95331,486
0D16:57:02.239371000,x1,100.0339,230
0D16:57:02.249065000,x3,299.914,84
0D16:57:02.249071000,x3,300.061,371
0D16:57:02.258687000,x1,99.97366,304
0D16:57:02.258694000,x1,100.0595,424
0D16:57:02.269516000,x2,199.9572,330
0D16:57:02.269532000,x2,199.9178,342
0D16:57:02.279472000,x2,199.9988,163
0D16:57:02.279488000,x2,199.9263,84
0D16:57:02.289492000,x3,299.9534,379
0D16:57:02.289508000,x3,300.0812,164
0D16:57:02.299130000,x1,99.98778,103
0D16:57:02.299145000,x1,99.91688,115
0D16:57:02.309169000,x1,99.99281,384
0D16:57:02.309184000,x1,100.0797,423
0D16:57:02.319029000,x3,300.0198,326
0D16:57:02.319038000,x3,299.9007,469
0D16:57:02.328865000,x1,99.98534,362
0D16:57:02.328872000,x1,99.95548,37
0D16:57:02.338785000,x1,99.94879,465
0D16:57:02.338790000,x1,100.068,135
0D16:57:02.348708000,x1,99.91423,360
0D16:57:02.348713000,x1,100.0176,165
0D16:57:02.358276000,x2,199.9752,98
0D16:57:02.358280000,x2,199.9195,96
0D16:57:02.368864000,x3,299.9006,175
0D16:57:02.368869000,x3,299.9848,279
0D16:57:02.378913000,x1,99.92123,103
0D16:57:02.378917000,x1,100.0079,389
0D16:57:02.388862000,x2,199.9175,387
0D16:57:02.388866000,x2,199.917,236
0D16:57:02.398769000,x2,199.9398,111
0D16:57:02.398774000,x2,199.9559,246
0D16:57:02.408870000,x3,299.9811,377
0D16:57:02.408874000,x3,300.0898,178
0D16:57:02.418384000,x1,100.0503,30
0D16:57:02.418389000,x1,100.0801,221
0D16:57:02.429179000,x3,300.0593,35
0D16:57:02.429183000,x3,300.0784,331
0D16:57:02.438989000,x1,99.95111,51
0D16:57:02.438994000,x1,100.0995,120
0D16:57:02.459215000,x1,100.0936,449
0D16:57:02.459219000,x1,99.9852,152
0D16:57:02.468425000,x3,299.9063,180
0D16:57:02.468430000,x3,299.9636,28
0D16:57:02.478812000,x2,200.0921,9
0D16:57:02.478816000,x2,200.0473,498
0D16:57:02.489156000,x3,299.9292,52
0D16:57:02.489161000,x3,300.0993,355
0D16:57:02.498641000,x3,300.0432,412
0D16:57:02.498646000,x3,300.0208,220
0D16:57:02.509533000,x2,200.0717,444
0D16:57:02.509538000,x2,199.9086,117
0D16:57:02.519302000,x1,99.9763,233
0D16:57:02.519308000,x1,99.91175,30
0D16:57:02.529215000,x2,200.0138,213
0D16:57:02.529219000,x2,199.9353,262
0D16:57:02.539114000,x1,100.0195,142
0D16:57:02.539120000,x1,99.97444,355
0D16:57:02.549139000,x3,300.0034,126
0D16:57:02.549145000,x3,300.027,107
0D16:57:02.558948000,x1,100.0792,190
0D16:57:02.558953000,x1,99.9897,159
0D16:57:02.568955000,x3,299.9096,232
0D16:57:02.568976000,x3,299.9022,154
0D16:57:02.579727000,x1,100.0933,430
0D16:57:02.579742000,x1,100.0061,378
0D16:57:02.589734000,x1,99.90871,247
0D16:57:02.589750000,x1,99.9628,27
0D16:57:02.599669000,x3,300.0013,297
0D16:57:02.599680000,x3,300.0257,293
0D16:57:02.609667000,x1,100.0988,157
0D16:57:02.609675000,x1,99.93084,59
0D16:57:02.619458000,x3,299.9189,374
0D16:57:02.619466000,x3,299.9953,79
0D16:57:02.629407000,x3,300.0253,45
0D16:57:02.629414000,x3,300.0671,293
0D16:57:02.648733000,x2,199.9315,35
0D16:57:02.648739000,x2,199.9534,71
0D16:57:02.659656000,x1,99.96273,273
0D16:57:02.659661000,x1,100.0344,499
0D16:57:02.668355000,x1,99.98026,61
0D16:57:02.668359000,x1,100.0281,152
0D16:57:02.679359000,x2,199.9271,242
0D16:57:02.679374000,x2,200.0223,374
0D16:57:02.689219000,x3,300.0502,36
0D16:57:02.689234000,x3,299.9631,499
0D16:57:02.699230000,x2,199.9298,462
0D16:57:02.699245000,x2,200.0757,348
0D16:57:02.709079000,x1,99.98118,288
0D16:57:02.709091000,x1,99.9871,277
0D16:57:02.719193000,x1,99.97088,458
0D16:57:02.719204000,x1,99.99223,89
0D16:57:02.739162000,x2,199.9161,434
0D16:57:02.739172000,x2,200.0923,406
0D16:57:02.749153000,x1,99.93647,315
0D16:57:02.749163000,x1,99.95284,192
0D16:57:02.769280000,x3,300.0643,131
0D16:57:02.769283000,x3,299.9756,331
0D16:57:02.778589000,x2,199.912,215
0D16:57:02.778592000,x2,199.9081,88
0D16:57:02.789069000,x1,99.94727,436
0D16:57:02.789085000,x1,99.93366,404
0D16:57:02.799314000,x1,100.0899,314
0D16:57:02.799329000,x1,99.95505,439
0D16:57:02.809005000,x2,199.9282,468
0D16:57:02.809021000,x2,200.0124,260
0D16:57:02.819296000,x3,300.0638,349
0D16:57:02.819311000,x3,300.0365,387
0D16:57:02.829243000,x3,299.9069,270
0D16:57:02.829254000,x3,300.0007,56
0D16:57:02.839066000,x1,99.96141,440
0D16:57:02.839078000,x1,99.94028,132
0D16:57:02.849057000,x3,300.0743,36
0D16:57:02.849069000,x3,299.9914,249
0D16:57:02.859080000,x3,299.9246,426
0D16:57:02.859091000,x3,300.0564,468
0D16:57:02.869317000,x1,99.9261,417
0D16:57:02.869329000,x1,100.022,135
0D16:57:02.879263000,x1,100.0528,476
0D16:57:02.879275000,x1,99.90175,398
0D16:57:02.889578000,x2,199.9365,405
0D16:57:02.889590000,x2,199.9254,260
0D16:57:02.899036000,x1,99.96809,122
0D16:57:02.899047000,x1,99.96798,336
0D16:57:02.909789000,x1,99.98749,52
0D16:57:02.909800000,x1,100.0925,265
0D16:57:02.919006000,x1,99.95319,198
0D16:57:02.919017000,x1,100.0124,467
0D16:57:02.929136000,x2,199.9748,144
0D16:57:02.929147000,x2,200.0487,181
0D16:57:02.939467000,x1,99.90302,165
0D16:57:02.939478000,x1,99.96564,35
0D16:57:02.949406000,x1,99.97095,211
0D16:57:02.949417000,x1,100.01,38
0D16:57:02.958928000,x2,199.9784,66
0D16:57:02.958939000,x2,199.9989,447
0D16:57:02.969596000,x3,300.0063,338
0D16:57:02.969608000,x3,300.0896,16
0D16:57:02.979747000,x1,99.97264,260
0D16:57:02.979759000,x1,99.98653,302
0D16:57:02.989350000,x1,99.97337,289
0D16:57:02.989361000,x1,99.93978,442
0D16:57:02.999012000,x3,299.9573,202
0D16:57:02.999024000,x3,300.0844,87
0D16:57:03.009080000,x1,100.0852,180
0D16:57:03.009091000,x1,100.094,274
0D16:57:03.019862000,x1,99.97362,442
0D16:57:03.019873000,x1,100.0282,124
0D16:57:03.028902000,x1,99.95716,345
0D16:57:03.028914000,x1,100.0981,494
0D16:57:03.039047000,x2,200.0134,134
0D16:57:03.039058000,x2,200.0339,94
0D16:57:03.049883000,x3,299.9613,309
0D16:57:03.049892000,x3,299.9498,221
0D16:57:03.058647000,x3,299.9989,55
0D16:57:03.058657000,x3,299.9169,79
0D16:57:03.078547000,x1,99.9358,363
0D16:57:03.078555000,x1,100.064,283
0D16:57:03.089484000,x2,199.9039,206
0D16:57:03.089493000,x2,200.068,285
0D16:57:03.099188000,x3,299.9737,488
0D16:57:03.099196000,x3,300.0273,306
0D16:57:03.108498000,x1,100.0333,23
0D16:57:03.108501000,x1,99.90031,215
0D16:57:03.118546000,x3,300.0822,438
0D16:57:03.118549000,x3,300.0149,468
0D16:57:03.128406000,x2,199.9426,485
0D16:57:03.128410000,x2,199.9671,457
0D16:57:03.139129000,x3,300.0213,303
0D16:57:03.139134000,x3,299.9846,305
0D16:57:03.149620000,x2,200.0646,376
0D16:57:03.149624000,x2,200.0029,54
0D16:57:03.168452000,x2,200.0407,100
0D16:57:03.168457000,x2,199.9854,120
0D16:57:03.178326000,x2,199.9405,197
0D16:57:03.178330000,x2,199.9963,348
0D16:57:03.188771000,x2,200.0775,279
0D16:57:03.188777000,x2,199.953,410
0D16:57:03.198701000,x2,199.9834,344
0D16:57:03.198706000,x2,200.0953,403
0D16:57:03.208610000,x1,99.97271,178
0D16:57:03.208615000,x1,99.95377,282
0D16:57:03.219174000,x1,100.0157,499
0D16:57:03.219178000,x1,100.097,315
0D16:57:03.228973000,x3,299.949,151
0D16:57:03.228978000,x3,300.0528,120
0D16:57:03.238379000,x2,199.9116,134
0D16:57:03.238385000,x2,199.9529,2
0D16:57:03.248479000,x1,100.0607,386
0D16:57:03.248484000,x1,99.9971,186
0D16:57:03.258761000,x1,100.0691,67
0D16:57:03.258766000,x1,100.0632,120
0D16:57:03.268801000,x1,100.0279,255
0D16:57:03.268806000,x1,100.0196,171
0D16:57:03.279029000,x3,299.9355,462
0D16:57:03.279034000,x3,299.9368,33
0D16:57:03.289256000,x3,299.9914,400
0D16:57:03.289261000,x3,299.9615,305
0D16:57:03.298763000,x2,200.0253,465
0D16:57:03.298778000,x2,200.0363,149
0D16:57:03.309053000,x3,299.9838,358
0D16:57:03.309070000,x3,299.9809,23
0D16:57:03.329224000,x3,299.9604,317
0D16:57:03.329227000,x3,299.9007,465
0D16:57:03.338347000,x2,200.0469,153
0D16:57:03.338350000,x2,200.0436,107
0D16:57:03.348330000,x3,300.0523,362
0D16:57:03.348335000,x3,300.0387,314
0D16:57:03.358454000,x2,200.0576,348
0D16:57:03.358459000,x2,199.9145,260
0D16:57:03.368667000,x1,99.98017,135
0D16:57:03.368676000,x1,100.0572,264
0D16:57:03.379038000,x3,299.9245,268
0D16:57:03.379053000,x3,300.0621,290
0D16:57:03.389256000,x3,300.007,280
0D16:57:03.389271000,x3,300.0314,248
0D16:57:03.400023000,x1,100.0954,157
0D16:57:03.400039000,x1,99.93548,348
0D16:57:03.409078000,x2,200.0951,495
0D16:57:03.409093000,x2,200.0633,213
0D16:57:03.419120000,x2,199.9647,435
0D16:57:03.419136000,x2,199.9253,52
0D16:57:03.429357000,x3,299.9213,45
0D16:57:03.429369000,x3,300.0889,205
0D16:57:03.439781000,x3,300.094,171
0D16:57:03.439792000,x3,299.9905,137
0D16:57:03.449488000,x1,99.90114,476
0D16:57:03.449500000,x1,100.0162,191
0D16:57:03.459441000,x3,300.0697,305
0D16:57:03.459448000,x3,300.0333,258
0D16:57:03.468365000,x1,100.0938,11
0D16:57:03.468368000,x1,99.9475,291
0D16:57:03.478738000,x1,99.97409,13
0D16:57:03.478750000,x1,99.95126,426
0D16:57:03.489033000,x1,99.94825,289
0D16:57:03.489042000,x1,99.94089,200
0D16:57:03.498950000,x2,199.9737,433
0D16:57:03.498959000,x2,200.0872,257
0D16:57:03.508964000,x3,300.0974,10
0D16:57:03.508973000,x3,300.0138,2
0D16:57:03.519237000,x1,99.95688,273
0D16:57:03.519246000,x1,100.0044,266
0D16:57:03.529186000,x1,100.0947,431
0D16:57:03.529190000,x1,100.0358,191
0D16:57:03.538494000,x3,299.9963,468
0D16:57:03.538498000,x3,300.0996,30
0D16:57:03.548498000,x3,299.949,192
0D16:57:03.548503000,x3,300.0498,373
0D16:57:03.558897000,x1,100.0177,291
0D16:57:03.558902000,x1,99.91373,379
0D16:57:03.568493000,x3,300.0416,277
0D16:57:03.568497000,x3,300.0508,432
0D16:57:03.578955000,x3,299.9905,325
0D16:57:03.578960000,x3,299.9292,127
0D16:57:03.588927000,x1,100.0213,361
0D16:57:03.588931000,x1,100.0955,40
0D16:57:03.599178000,x2,199.9295,237
0D16:57:03.599194000,x2,199.9256,295
0D16:57:03.608939000,x2,199.9844,399
0D16:57:03.608955000,x2,199.9295,469
0D16:57:03.620139000,x1,99.93189,26
0D16:57:03.620154000,x1,99.99152,275
0D16:57:03.629853000,x2,200.0463,351
0D16:57:03.629865000,x2,199.9936,77
0D16:57:03.638870000,x1,100.0071,25
0D16:57:03.638885000,x1,99.9625,434
0D16:57:03.649469000,x3,299.9192,118
0D16:57:03.649475000,x3,300.0972,445
0D16:57:03.658895000,x2,199.9305,250
0D16:57:03.658900000,x2,200.0335,442
0D16:57:03.668824000,x1,99.96206,190
0D16:57:03.668829000,x1,100.0473,399
0D16:57:03.678929000,x2,199.9743,7
0D16:57:03.678933000,x2,200.0848,156
0D16:57:03.688922000,x2,199.9674,213
0D16:57:03.688925000,x2,199.9172,233
0D16:57:03.698362000,x2,199.961,210
0D16:57:03.698365000,x2,199.9218,400
0D16:57:03.708829000,x3,299.9107,230
0D16:57:03.708833000,x3,299.9657,0
0D16:57:03.719321000,x3,299.9056,322
0D16:57:03.719326000,x3,299.9621,460
0D16:57:03.729244000,x2,199.9119,277
0D16:57:03.729249000,x2,199.9733,180
0D16:57:03.739236000,x2,199.9145,483
0D16:57:03.739241000,x2,200.0298,299
0D16:57:03.748842000,x3,300.0608,401
0D16:57:03.748846000,x3,299.9145,425
0D16:57:03.759406000,x3,300.0312,373
0D16:57:03.759411000,x3,299.9921,404
0D16:57:03.769015000,x2,199.99,69
0D16:57:03.769019000,x2,200.0428,177
0D16:57:03.778777000,x2,199.9654,420
0D16:57:03.778781000,x2,200.0846,267
0D16:57:03.789472000,x1,99.98407,63
0D16:57:03.789477000,x1,100.0813,5
0D16:57:03.798373000,x1,99.94039,318
0D16:57:03.798377000,x1,100.0619,25
0D16:57:03.818932000,x3,299.9038,351
0D16:57:03.818936000,x3,300.0746,202
0D16:57:03.828647000,x1,99.95558,394
0D16:57:03.828652000,x1,99.96981,88
0D16:57:03.838757000,x1,100.0732,283
0D16:57:03.838772000,x1,100.0431,25
0D16:57:03.849077000,x2,199.9096,102
0D16:57:03.849093000,x2,199.9765,377
0D16:57:03.859070000,x1,100.0379,484
0D16:57:03.859075000,x1,100.0384,416
0D16:57:03.868558000,x3,299.9584,496
0D16:57:03.868562000,x3,300.0593,260
0D16:57:03.879174000,x1,99.93935,341
0D16:57:03.879178000,x1,99.9921,191
0D16:57:03.888483000,x2,199.9764,66
0D16:57:03.888488000,x2,199.9263,12
0D16:57:03.898885000,x1,99.92375,238
0D16:57:03.898889000,x1,99.9363,455
0D16:57:03.918430000,x3,299.9234,307
0D16:57:03.918434000,x3,299.9339,261
0D16:57:03.928356000,x3,299.9155,191
0D16:57:03.928360000,x3,300.0381,455
0D16:57:03.939283000,x1,99.95426,93
0D16:57:03.939288000,x1,99.95264,114
0D16:57:03.948704000,x1,99.98023,149
0D16:57:03.948709000,x1,100.0718,322
0D16:57:03.958708000,x1,100.0988,349
0D16:57:03.958713000,x1,100.0068,356
0D16:57:03.968952000,x2,199.9036,433
0D16:57:03.968957000,x2,199.9138,8
0D16:57:03.978780000,x1,99.9808,471
0D16:57:03.978784000,x1,99.92716,335
0D16:57:03.988598000,x3,299.9398,478
0D16:57:03.988633000,x3,300.0602,472
0D16:57:03.998866000,x1,100.0725,52
0D16:57:03.998871000,x1,99.91252,439
0D16:57:04.008884000,x1,99.98495,169
0D16:57:04.008889000,x1,99.95281,340
0D16:57:04.018780000,x2,200.0073,422
0D16:57:04.018785000,x2,200.0416,476
0D16:57:04.028570000,x3,299.911,169
0D16:57:04.028575000,x3,300.0044,63
0D16:57:04.038826000,x3,299.9606,130
0D16:57:04.038831000,x3,299.9013,196
0D16:57:04.048791000,x3,300.0663,87
0D16:57:04.048795000,x3,300.0486,143
0D16:57:04.059141000,x2,199.9968,76
0D16:57:04.059146000,x2,200.006,362
0D16:57:04.069076000,x3,300.0105,243
0D16:57:04.069080000,x3,300.0716,163
0D16:57:04.079186000,x1,100.0007,62
0D16:57:04.079220000,x1,99.90909,288
0D16:57:04.089220000,x3,300.0977,361
0D16:57:04.089224000,x3,299.9642,321
0D16:57:04.098335000,x1,100.0172,31
0D16:57:04.098340000,x1,99.96959,381
0D16:57:04.109154000,x1,100.0637,124
0D16:57:04.109158000,x1,99.96729,135
0D16:57:04.118673000,x3,299.9916,315
0D16:57:04.118678000,x3,300.0671,100
0D16:57:04.148993000,x1,100.0524,267
0D16:57:04.148997000,x1,100.0138,301
0D16:57:04.158975000,x2,200.0433,308
0D16:57:04.158980000,x2,200.0298,160
0D16:57:04.168650000,x2,199.9066,241
0D16:57:04.168654000,x2,200.0346,385
0D16:57:04.178430000,x1,100.0666,26
0D16:57:04.178435000,x1,100.0836,231
0D16:57:04.189251000,x2,199.917,199
0D16:57:04.189267000,x2,200.0829,159
0D16:57:04.199207000,x2,199.9525,115
0D16:57:04.199223000,x2,199.996,345
0D16:57:04.209133000,x2,200.0369,218
0D16:57:04.209148000,x2,199.909,26
0D16:57:04.219749000,x3,300.0028,109
0D16:57:04.219764000,x3,299.9699,438
0D16:57:04.229148000,x1,99.94507,34
0D16:57:04.229160000,x1,99.92444,157
0D16:57:04.239102000,x3,299.9378,54
0D16:57:04.239111000,x3,300.0284,215
0D16:57:04.248974000,x2,200.0538,348
0D16:57:04.248982000,x2,200.0361,78
0D16:57:04.258746000,x1,100.0098,360
0D16:57:04.258755000,x1,99.97539,296
0D16:57:04.268559000,x3,300.0795,343
0D16:57:04.268567000,x3,299.9056,165
0D16:57:04.278918000,x2,200.0017,91
0D16:57:04.278927000,x2,200.0521,45
0D16:57:04.289303000,x3,300.0964,368
0D16:57:04.289311000,x3,299.9917,150
0D16:57:04.298952000,x1,99.98704,187
0D16:57:04.298961000,x1,100.0541,179
0D16:57:04.319913000,x2,200.0738,248
0D16:57:04.319918000,x2,200.0653,153
0D16:57:04.329039000,x1,99.95101,306
0D16:57:04.329044000,x1,99.96461,318
0D16:57:04.338667000,x3,300.0403,336
0D16:57:04.338674000,x3,299.9057,430
0D16:57:04.348642000,x1,99.99831,330
0D16:57:04.348649000,x1,99.97694,474
0D16:57:04.358631000,x1,99.93388,391
0D16:57:04.358635000,x1,100.0334,250
0D16:57:04.369187000,x1,99.9013,214
0D16:57:04.369191000,x1,100.0139,170
0D16:57:04.379132000,x3,300.0316,258
0D16:57:04.379137000,x3,299.9514,198
0D16:57:04.389112000,x1,100.0121,16
0D16:57:04.389117000,x1,99.94721,464
0D16:57:04.399029000,x3,299.9045,438
0D16:57:04.399061000,x3,300.0432,412
0D16:57:04.428999000,x2,200.0537,22
0D16:57:04.429014000,x2,200.013,486
0D16:57:04.439403000,x2,200.0998,411
0D16:57:04.439419000,x2,200.0111,53
0D16:57:04.449313000,x1,100.042,165
0D16:57:04.449324000,x1,99.93364,53
0D16:57:04.459010000,x3,300.0013,7
0D16:57:04.459019000,x3,300.0109,9
0D16:57:04.468694000,x1,100.0439,274
0D16:57:04.468699000,x1,99.96084,114
0D16:57:04.479030000,x1,100.0037,243
0D16:57:04.479035000,x1,100.0252,353
0D16:57:04.488756000,x3,300.029,410
0D16:57:04.488770000,x3,299.9667,405
0D16:57:04.499107000,x2,200.0857,483
0D16:57:04.499123000,x2,200.005,167
0D16:57:04.509944000,x1,100.0542,479
0D16:57:04.509960000,x1,99.97612,24
0D16:57:04.518905000,x1,100.0594,353
0D16:57:04.518915000,x1,99.95681,359
0D16:57:04.528942000,x2,199.9375,427
0D16:57:04.528955000,x2,199.91,173
0D16:57:04.538744000,x2,200.0549,37
0D16:57:04.538748000,x2,199.9584,222
0D16:57:04.548380000,x3,299.9578,494
0D16:57:04.548384000,x3,299.9292,13
0D16:57:04.558919000,x2,200.0321,29
0D16:57:04.558923000,x2,199.9027,90
0D16:57:04.568633000,x1,100.0139,226
0D16:57:04.568638000,x1,99.94015,98
0D16:57:04.578806000,x1,99.90286,472
0D16:57:04.578811000,x1,99.94855,299
0D16:57:04.588953000,x3,300.0367,368
0D16:57:04.588958000,x3,299.9025,358
0D16:57:04.599681000,x1,100.0563,1
0D16:57:04.599696000,x1,100.0829,482
0D16:57:04.609252000,x2,199.9911,382
0D16:57:04.609268000,x2,199.9304,159
0D16:57:04.619224000,x3,299.9326,36
0D16:57:04.619240000,x3,300.0889,52
0D16:57:04.639987000,x1,99.97168,241
0D16:57:04.640004000,x1,100.0652,413
0D16:57:04.649698000,x3,299.919,471
0D16:57:04.649714000,x3,300.0128,46
0D16:57:04.659305000,x3,300.0888,37
0D16:57:04.659320000,x3,300.0277,379
0D16:57:04.669240000,x1,99.9694,382
0D16:57:04.669252000,x1,99.9412,241
0D16:57:04.679220000,x1,100.0537,77
0D16:57:04.679229000,x1,100.0765,490
0D16:57:04.689524000,x1,100.0931,336
0D16:57:04.689528000,x1,99.94734,52
0D16:57:04.698607000,x3,300.0862,165
0D16:57:04.698623000,x3,299.9883,29
0D16:57:04.709045000,x2,200.0191,245
0D16:57:04.709061000,x2,199.9284,66
0D16:57:04.719403000,x1,99.92017,96
0D16:57:04.719418000,x1,100.0138,13
0D16:57:04.739464000,x1,100.086,49
0D16:57:04.739475000,x1,99.92089,417
0D16:57:04.749209000,x1,99.9805,66
0D16:57:04.749219000,x1,100.0722,203
0D16:57:04.758890000,x2,200.0436,202
0D16:57:04.758899000,x2,200.0294,7
0D16:57:04.768936000,x1,100.0621,336
0D16:57:04.768947000,x1,100.0412,460
0D16:57:04.779153000,x3,300.0395,328
0D16:57:04.779164000,x3,300.0052,486
0D16:57:04.789408000,x1,100.0319,343
0D16:57:04.789419000,x1,100.0945,199
0D16:57:04.799342000,x3,300.0715,174
0D16:57:04.799350000,x3,300.0737,100
0D16:57:04.808413000,x1,100.0436,423
0D16:57:04.808419000,x1,100.0671,154
0D16:57:04.818466000,x3,299.9743,409
0D16:57:04.818473000,x3,299.968,445
0D16:57:04.829198000,x2,199.9782,450
0D16:57:04.829203000,x2,200.0511,21
0D16:57:04.838394000,x1,100.0236,117
0D16:57:04.838399000,x1,99.96653,273
0D16:57:04.848936000,x1,100.0442,204
0D16:57:04.848941000,x1,100.0009,268
0D16:57:04.858725000,x3,299.9175,397
0D16:57:04.858730000,x3,300.0105,433
0D16:57:04.868373000,x2,199.9283,255
0D16:57:04.868377000,x2,199.9979,229
0D16:57:04.898770000,x3,300.0354,318
0D16:57:04.898776000,x3,299.9408,186
0D16:57:04.908434000,x2,200.0109,404
0D16:57:04.908441000,x2,200.0062,88
0D16:57:04.919339000,x2,199.9888,102
0D16:57:04.919346000,x2,199.9072,253
0D16:57:04.929366000,x3,300.0772,238
0D16:57:04.929373000,x3,300.0425,210
0D16:57:04.939288000,x1,100.0085,208
0D16:57:04.939292000,x1,99.9121,373
0D16:57:04.949088000,x2,200.0113,223
0D16:57:04.949093000,x2,200.0542,93
0D16:57:04.958946000,x3,299.9048,213
0D16:57:04.958950000,x3,299.9571,128
0D16:57:04.969409000,x2,199.9117,260
0D16:57:04.969413000,x2,199.9025,52
0D16:57:04.979019000,x2,199.9068,78
0D16:57:04.979024000,x2,199.9855,142
0D16:57:04.988351000,x1,99.98779,136
0D16:57:04.988356000,x1,100.0054,132
0D16:57:04.998467000,x2,199.917,215
0D16:57:04.998472000,x2,199.9319,334
0D16:57:05.008800000,x3,299.9627,137
0D16:57:05.008816000,x3,299.98,374
0D16:57:05.019851000,x3,299.9953,472
0D16:57:05.019866000,x3,300.0331,204
0D16:57:05.029534000,x2,200.0708,215
0D16:57:05.029539000,x2,199.9395,270
0D16:57:05.038675000,x2,199.9919,42
0D16:57:05.038679000,x2,200.0766,365
0D16:57:05.049037000,x1,100.0724,161
0D16:57:05.049042000,x1,100.0992,417
0D16:57:05.058712000,x2,199.961,139
0D16:57:05.058717000,x2,199.9503,62
0D16:57:05.068437000,x1,100.0572,487
0D16:57:05.068442000,x1,99.94181,220
0D16:57:05.078815000,x3,300.0669,180
0D16:57:05.078820000,x3,299.9827,474
0D16:57:05.088733000,x2,199.9905,293
0D16:57:05.088738000,x2,200.0535,365
0D16:57:05.098634000,x2,199.9542,386
0D16:57:05.098639000,x2,199.9389,387
0D16:57:05.109032000,x2,200.027,458
0D16:57:05.109037000,x2,199.9061,240
0D16:57:05.118473000,x2,199.998,160
0D16:57:05.118479000,x2,199.9532,251
0D16:57:05.128799000,x3,299.9982,409
0D16:57:05.128804000,x3,299.9171,163
0D16:57:05.138880000,x3,300.028,158
0D16:57:05.138885000,x3,300.083,44
0D16:57:05.148667000,x1,100.0208,476
0D16:57:05.148672000,x1,100.0231,487
0D16:57:05.159120000,x1,99.95127,57
0D16:57:05.159125000,x1,100.0007,176
0D16:57:05.168765000,x3,300.0014,404
0D16:57:05.168769000,x3,299.9455,20
0D16:57:05.178342000,x3,299.9245,338
0D16:57:05.178347000,x3,299.9136,455
0D16:57:05.188726000,x2,199.9977,428
0D16:57:05.188732000,x2,199.9296,265
0D16:57:05.198460000,x1,100.0254,173
0D16:57:05.198467000,x1,99.99468,180
0D16:57:05.219253000,x3,300.0037,328
0D16:57:05.219258000,x3,300.078,240
0D16:57:05.228824000,x1,100.0365,418
0D16:57:05.228829000,x1,99.95081,336
0D16:57:05.238682000,x2,200.0626,335
0D16:57:05.238699000,x2,199.9878,429
0D16:57:05.249117000,x1,100.0393,53
0D16:57:05.249132000,x1,99.94977,448
0D16:57:05.259043000,x1,99.90667,442
0D16:57:05.259058000,x1,99.99782,323
0D16:57:05.269821000,x2,200.0657,102
0D16:57:05.269837000,x2,199.9202,75
0D16:57:05.279679000,x3,299.9899,289
0D16:57:05.279695000,x3,300.004,488
0D16:57:05.289766000,x2,200.0274,360
0D16:57:05.289781000,x2,199.988,47
0D16:57:05.299253000,x3,300.0103,444
0D16:57:05.299265000,x3,300.0577,397
0D16:57:05.308874000,x1,100.0711,324
0D16:57:05.308883000,x1,100.0019,196
0D16:57:05.319394000,x1,99.98695,223
0D16:57:05.319402000,x1,99.91191,423
0D16:57:05.329416000,x1,99.93628,298
0D16:57:05.329426000,x1,100.0148,231
0D16:57:05.348525000,x3,299.9713,442
0D16:57:05.348529000,x3,299.9458,419
0D16:57:05.359039000,x3,300.0651,122
0D16:57:05.359043000,x3,300.0841,131
0D16:57:05.368724000,x2,199.9309,134
0D16:57:05.368728000,x2,199.9056,104
0D16:57:05.378843000,x2,199.9767,372
0D16:57:05.378848000,x2,200.0404,6
0D16:57:05.388502000,x1,99.98992,23
0D16:57:05.388506000,x1,99.92195,186
0D16:57:05.398634000,x1,99.9714,232
0D16:57:05.398639000,x1,99.9907,328
0D16:57:05.408870000,x1,100.0923,483
0D16:57:05.408885000,x1,100.0471,499
0D16:57:05.419638000,x3,299.9716,22
0D16:57:05.419652000,x3,300.0213,33
0D16:57:05.429817000,x1,100.029,390
0D16:57:05.429832000,x1,99.98792,144
0D16:57:05.439589000,x2,199.9792,499
0D16:57:05.439601000,x2,200.0477,178
0D16:57:05.458759000,x3,299.9829,383
0D16:57:05.458768000,x3,300.0173,468
0D16:57:05.469559000,x2,199.9789,94
0D16:57:05.469568000,x2,199.9356,238
0D16:57:05.479269000,x2,200.0949,250
0D16:57:05.479276000,x2,199.9617,167
0D16:57:05.488895000,x1,99.91363,251
0D16:57:05.488901000,x1,100.0088,373
0D16:57:05.498663000,x3,300.0378,41
0D16:57:05.498668000,x3,300.0286,68
0D16:57:05.508645000,x1,100.0435,330
0D16:57:05.508660000,x1,100.0276,380
0D16:57:05.519357000,x2,199.9873,364
0D16:57:05.519373000,x2,200.0001,180
0D16:57:05.529280000,x3,299.9819,40
0D16:57:05.529289000,x3,300.0395,140
0D16:57:05.539516000,x2,199.9549,256
0D16:57:05.539523000,x2,200.0812,479
0D16:57:05.549294000,x3,300.0524,13
0D16:57:05.549299000,x3,299.9742,498
0D16:57:05.558951000,x3,300.004,92
0D16:57:05.558955000,x3,299.9118,87
0D16:57:05.568377000,x1,99.93523,238
0D16:57:05.568381000,x1,99.90332,468
0D16:57:05.589184000,x1,99.92245,389
0D16:57:05.589200000,x1,100.0859,270
0D16:57:05.599016000,x2,199.9744,96
0D16:57:05.599030000,x2,200.0013,240
0D16:57:05.619759000,x3,299.9049,344
0D16:57:05.619768000,x3,299.9774,430
0D16:57:05.628463000,x2,200.0894,96
0D16:57:05.628469000,x2,200.0841,106
0D16:57:05.638530000,x2,199.9145,330
0D16:57:05.638535000,x2,200.0769,264
0D16:57:05.649129000,x1,99.98016,219
0D16:57:05.649134000,x1,100.0641,433
0D16:57:05.658324000,x2,199.9183,211
0D16:57:05.658327000,x2,199.9282,416
0D16:57:05.678894000,x3,299.9844,488
0D16:57:05.678898000,x3,300.0366,128
0D16:57:05.689466000,x1,100.0422,237
0D16:57:05.689471000,x1,99.94892,9
0D16:57:05.698774000,x1,99.98201,247
0D16:57:05.698779000,x1,99.99811,207
0D16:57:05.708708000,x1,100.0871,385
0D16:57:05.708712000,x1,99.95502,253
0D16:57:05.719596000,x3,299.9393,108
0D16:57:05.719601000,x3,300.0957,98
0D16:57:05.728378000,x2,200.0525,99
0D16:57:05.728384000,x2,199.9251,28
0D16:57:05.738745000,x3,299.9272,346
0D16:57:05.738751000,x3,300.0983,312
0D16:57:05.748556000,x3,299.9691,30
0D16:57:05.748571000,x3,299.9318,342
0D16:57:05.759271000,x3,299.9096,434
0D16:57:05.759286000,x3,299.9322,361
0D16:57:05.769095000,x3,300.0228,54
0D16:57:05.769105000,x3,300.0172,199
0D16:57:05.789147000,x2,199.9374,235
0D16:57:05.789150000,x2,199.9903,333
0D16:57:05.808667000,x2,199.9402,478
0D16:57:05.808672000,x2,200.0866,236
0D16:57:05.818591000,x2,199.9054,305
0D16:57:05.818596000,x2,199.9616,372
0D16:57:05.828361000,x2,200.0923,114
0D16:57:05.828367000,x2,199.9082,155
0D16:57:05.838713000,x2,200.0483,340
0D16:57:05.838717000,x2,200.0141,378
0D16:57:05.848709000,x3,300.0931,85
0D16:57:05.848716000,x3,300.0127,442
0D16:57:05.858667000,x1,100.0527,473
0D16:57:05.858674000,x1,100.0836,89
0D16:57:05.868534000,x1,100.0392,483
0D16:57:05.868541000,x1,100.0036,12
0D16:57:05.878937000,x3,300.0857,304
0D16:57:05.878944000,x3,299.9757,153
0D16:57:05.888618000,x3,299.9309,67
0D16:57:05.888623000,x3,299.9614,168
0D16:57:05.899264000,x1,99.93267,15
0D16:57:05.899279000,x1,99.9303,389
0D16:57:05.919551000,x2,199.9148,60
0D16:57:05.919564000,x2,199.9628,47
0D16:57:05.929490000,x2,199.9104,456
0D16:57:05.929500000,x2,199.9206,346
0D16:57:05.938686000,x3,299.9838,348
0D16:57:05.938697000,x3,299.996,390
0D16:57:05.948766000,x1,100.0328,195
0D16:57:05.948776000,x1,100.0276,199
0D16:57:05.958871000,x1,99.99083,42
0D16:57:05.958882000,x1,100.0744,129
0D16:57:05.968842000,x2,200.002,136
0D16:57:05.968854000,x2,199.9539,390
0D16:57:05.979845000,x3,300.085,376
0D16:57:05.979856000,x3,300.0186,123
0D16:57:05.988908000,x3,299.9787,278
0D16:57:05.988920000,x3,300.0774,415
0D16:57:05.998951000,x3,300.0207,346
0D16:57:05.998962000,x3,299.9163,24
0D16:57:06.009130000,x3,300.0556,421
0D16:57:06.009141000,x3,300.0048,390
0D16:57:06.018783000,x2,199.9365,310
0D16:57:06.018792000,x2,199.9023,4
0D16:57:06.038844000,x3,300.0257,467
0D16:57:06.038851000,x3,300.0205,201
0D16:57:06.048839000,x3,299.9553,478
0D16:57:06.048853000,x3,299.9925,205
0D16:57:06.059064000,x1,100.0831,176
0D16:57:06.059079000,x1,99.91426,384
0D16:57:06.069082000,x2,200.0144,298
0D16:57:06.069098000,x2,199.9463,320
0D16:57:06.079774000,x2,200.0681,319
0D16:57:06.079784000,x2,199.9248,341
0D16:57:06.088774000,x2,200.0718,330
0D16:57:06.088783000,x2,199.958,494
0D16:57:06.098692000,x3,300.0379,29
0D16:57:06.098701000,x3,300.057,28
0D16:57:06.109001000,x3,299.9573,107
0D16:57:06.109012000,x3,300.0549,248
0D16:57:06.119301000,x2,200.0253,251
0D16:57:06.119313000,x2,200.0284,206
0D16:57:06.129132000,x3,300.0429,151
0D16:57:06.129144000,x3,300.0637,312
0D16:57:06.139946000,x3,299.9162,195
0D16:57:06.139958000,x3,300.0335,237
0D16:57:06.149047000,x2,199.9436,153
0D16:57:06.149059000,x2,199.974,464
0D16:57:06.159390000,x2,200.0387,423
0D16:57:06.159402000,x2,200.0893,0
0D16:57:06.169192000,x2,199.9524,485
0D16:57:06.169204000,x2,199.9282,204
0D16:57:06.178873000,x3,300.0124,281
0D16:57:06.178884000,x3,300.0219,116
0D16:57:06.219303000,x2,199.9258,238
0D16:57:06.219314000,x2,200.0309,404
0D16:57:06.228834000,x1,100.0703,102
0D16:57:06.228839000,x1,100.0115,156
0D16:57:06.239113000,x1,100.087,428
0D16:57:06.239117000,x1,99.97237,472
0D16:57:06.249038000,x2,200.018,358
0D16:57:06.249041000,x2,199.9922,48
0D16:57:06.258449000,x2,200.0449,141
0D16:57:06.258453000,x2,200.0729,154
0D16:57:06.268387000,x3,300.0058,393
0D16:57:06.268391000,x3,300.0242,359
0D16:57:06.279310000,x3,299.9707,391
0D16:57:06.279315000,x3,300.0357,232
0D16:57:06.289140000,x1,99.96821,207
0D16:57:06.289145000,x1,100.0268,165
0D16:57:06.299066000,x1,99.92151,433
0D16:57:06.299071000,x1,99.9301,151
0D16:57:06.308487000,x3,300.061,32
0D16:57:06.308492000,x3,300.0953,247
0D16:57:06.318681000,x1,99.97152,340
0D16:57:06.318686000,x1,99.94418,146
0D16:57:06.338945000,x3,299.9035,325
0D16:57:06.338950000,x3,300.0969,286
0D16:57:06.349108000,x2,200.0951,8
0D16:57:06.349113000,x2,199.9472,246
0D16:57:06.358798000,x3,299.9578,140
0D16:57:06.358804000,x3,300.0635,134
0D16:57:06.368573000,x1,99.98772,20
0D16:57:06.368578000,x1,99.98573,254
0D16:57:06.379362000,x2,200.0305,124
0D16:57:06.379368000,x2,200.0965,207
0D16:57:06.389182000,x1,99.92254,153
0D16:57:06.389188000,x1,99.9194,62
0D16:57:06.408571000,x2,200.0369,498
0D16:57:06.408577000,x2,199.9696,44
0D16:57:06.418430000,x1,100.0698,218
0D16:57:06.418435000,x1,99.90631,22
0D16:57:06.428755000,x2,200.0882,449
0D16:57:06.428760000,x2,199.9404,236
0D16:57:06.449268000,x2,200.076,199
0D16:57:06.449282000,x2,200.031,374
0D16:57:06.458884000,x2,199.9531,84
0D16:57:06.458899000,x2,200.0081,149
0D16:57:06.469360000,x2,199.9315,360
0D16:57:06.469376000,x2,199.9025,80
0D16:57:06.479676000,x2,199.992,233
0D16:57:06.479681000,x2,200.0052,209
0D16:57:06.489319000,x1,99.99003,425
0D16:57:06.489323000,x1,99.9881,298
0D16:57:06.498758000,x3,300.0188,343
0D16:57:06.498763000,x3,300.0606,302
0D16:57:06.508719000,x3,300.0784,260
0D16:57:06.508723000,x3,299.9145,315
0D16:57:06.518710000,x3,300.0342,41
0D16:57:06.518714000,x3,299.9876,454
0D16:57:06.539527000,x3,300.0491,94
0D16:57:06.539531000,x3,300.0151,67
0D16:57:06.548312000,x1,99.99783,17
0D16:57:06.548316000,x1,100.0309,293
0D16:57:06.568464000,x2,200.0198,489
0D16:57:06.568469000,x2,199.946,180
0D16:57:06.578591000,x1,99.92732,241
0D16:57:06.578607000,x1,100.0618,463
0D16:57:06.589159000,x1,100.0697,41
0D16:57:06.589175000,x1,99.92211,218
0D16:57:06.599111000,x3,299.9656,16
0D16:57:06.599126000,x3,299.9342,26
0D16:57:06.619350000,x1,99.99812,47
0D16:57:06.619365000,x1,99.91768,129
0D16:57:06.629289000,x1,99.92592,431
0D16:57:06.629301000,x1,99.94041,293
0D16:57:06.638739000,x2,199.9488,189
0D16:57:06.638746000,x2,200.0289,244
0D16:57:06.649188000,x2,200.0599,311
0D16:57:06.649197000,x2,199.9796,169
0D16:57:06.658826000,x2,200.0388,366
0D16:57:06.658835000,x2,200.083,237
0D16:57:06.668951000,x3,299.9913,450
0D16:57:06.668959000,x3,299.919,42
0D16:57:06.679009000,x2,199.9979,234
0D16:57:06.679018000,x2,199.915,127
0D16:57:06.699239000,x3,299.9828,495
0D16:57:06.699243000,x3,299.9932,47
0D16:57:06.718751000,x1,100.0653,298
0D16:57:06.718755000,x1,99.94474,104
0D16:57:06.728410000,x2,200.0943,320
0D16:57:06.728416000,x2,199.9586,481
0D16:57:06.738685000,x3,300.0778,429
0D16:57:06.738691000,x3,300.0946,405
0D16:57:06.749050000,x1,100.075,243
0D16:57:06.749055000,x1,99.95661,363
0D16:57:06.758476000,x2,199.962,491
0D16:57:06.758481000,x2,199.9125,409
0D16:57:06.769240000,x1,99.91267,328
0D16:57:06.769246000,x1,100.0266,496
0D16:57:06.778839000,x1,100.0838,189
0D16:57:06.778844000,x1,100.0572,390
0D16:57:06.788572000,x3,299.9631,65
0D16:57:06.788577000,x3,300.0615,447
0D16:57:06.798777000,x1,99.91427,124
0D16:57:06.798782000,x1,100.0879,211
0D16:57:06.828952000,x1,100.0107,10
0D16:57:06.828957000,x1,99.91053,191
0D16:57:06.838596000,x2,200.0608,103
0D16:57:06.838612000,x2,199.9397,257
0D16:57:06.849708000,x2,199.997,125
0D16:57:06.849715000,x2,200.0715,286
0D16:57:06.859271000,x1,100.0367,415
0D16:57:06.859276000,x1,99.91474,175
0D16:57:06.869165000,x3,299.9189,41
0D16:57:06.869169000,x3,300.0124,119
0D16:57:06.878426000,x1,99.98971,321
0D16:57:06.878438000,x1,100.0199,384
0D16:57:06.888784000,x1,99.96819,483
0D16:57:06.888790000,x1,100.0511,8
0D16:57:06.898822000,x1,100.0005,341
0D16:57:06.898829000,x1,99.97984,89
0D16:57:06.908618000,x3,300.0984,140
0D16:57:06.908624000,x3,300.0077,156
0D16:57:06.918588000,x1,99.91262,39
0D16:57:06.918593000,x1,100.0195,161
0D16:57:06.928556000,x1,100.0732,470
0D16:57:06.928560000,x1,100.0405,347
0D16:57:06.938685000,x1,99.97496,451
0D16:57:06.938691000,x1,100.0799,418
0D16:57:06.948498000,x2,199.9738,490
0D16:57:06.948502000,x2,200.0985,489
0D16:57:06.958897000,x3,300.0026,107
0D16:57:06.958902000,x3,299.9678,422
0D16:57:06.968587000,x2,199.9609,24
0D16:57:06.968593000,x2,199.959,6
0D16:57:06.978750000,x3,300.0172,467
0D16:57:06.978756000,x3,299.9372,286
0D16:57:06.988805000,x1,99.97545,186
0D16:57:06.988809000,x1,100.0072,72
0D16:57:06.998631000,x1,100.0259,94
0D16:57:06.998639000,x1,100.0926,182
0D16:57:07.008884000,x3,300.0714,16
0D16:57:07.008890000,x3,299.9406,272
0D16:57:07.018676000,x3,300.0062,0
0D16:57:07.018683000,x3,300.0876,30
0D16:57:07.029399000,x3,300.0981,38
0D16:57:07.029404000,x3,299.9197,49
0D16:57:07.038753000,x3,300.0126,152
0D16:57:07.038757000,x3,299.9311,426
0D16:57:07.048793000,x2,200.0957,390
0D16:57:07.048799000,x2,200.0265,203
0D16:57:07.058830000,x3,299.9768,385
0D16:57:07.058848000,x3,300.022,154
0D16:57:07.069624000,x2,200.0003,402
0D16:57:07.069633000,x2,199.9217,222
0D16:57:07.079125000,x2,199.9792,309
0D16:57:07.079130000,x2,199.9175,240
0D16:57:07.088958000,x2,199.9611,306
0D16:57:07.088974000,x2,199.9461,310
0D16:57:07.098994000,x2,199.9044,488
0D16:57:07.099009000,x2,199.9046,306
0D16:57:07.109842000,x2,199.9812,127
0D16:57:07.109855000,x2,199.9299,364
0D16:57:07.118835000,x1,99.90504,85
0D16:57:07.118847000,x1,100.0984,428
0D16:57:07.129134000,x3,299.991,426
0D16:57:07.129139000,x3,300.0688,216
0D16:57:07.139018000,x3,299.9655,422
0D16:57:07.139058000,x3,299.9826,315
0D16:57:07.148837000,x3,299.9532,8
0D16:57:07.148842000,x3,299.9121,228
0D16:57:07.159142000,x1,100.0348,144
0D16:57:07.159156000,x1,100.0948,231
0D16:57:07.169153000,x2,200.0273,352
0D16:57:07.169169000,x2,200.014,485
0D16:57:07.179153000,x2,200.0955,22
0D16:57:07.179166000,x2,199.9866,358
0D16:57:07.199145000,x1,99.90625,213
0D16:57:07.199155000,x1,100.0221,168
0D16:57:07.209276000,x1,100.0794,286
0D16:57:07.209291000,x1,99.92288,195
0D16:57:07.219073000,x1,99.93165,316
0D16:57:07.219080000,x1,100.0959,381
0D16:57:07.229072000,x2,199.985,202
0D16:57:07.229081000,x2,200.0655,110
0D16:57:07.239028000,x1,100.0962,368
0D16:57:07.239037000,x1,100.0748,77
0D16:57:07.249128000,x3,299.9186,420
0D16:57:07.249139000,x3,300.0377,230
0D16:57:07.259052000,x1,100.0257,374
0D16:57:07.259065000,x1,99.95449,50
0D16:57:07.268969000,x3,300.0106,129
0D16:57:07.268976000,x3,299.9362,130
0D16:57:07.278881000,x3,299.9927,53
0D16:57:07.278885000,x3,300.0614,105
0D16:57:07.288285000,x1,99.92527,102
0D16:57:07.288293000,x1,99.99813,223
0D16:57:07.299286000,x2,199.9698,219
0D16:57:07.299295000,x2,199.9617,71
0D16:57:07.309350000,x2,200.0221,223
0D16:57:07.309361000,x2,200.0904,450
0D16:57:07.319268000,x2,199.9622,472
0D16:57:07.319273000,x2,200.0191,335
0D16:57:07.328493000,x1,100.0935,50
0D16:57:07.328497000,x1,99.95501,280
0D16:57:07.338983000,x2,199.9277,467
0D16:57:07.338990000,x2,200.0498,177
0D16:57:07.348934000,x2,200.0665,408
0D16:57:07.348943000,x2,199.9983,409
0D16:57:07.359216000,x1,100.0563,187
0D16:57:07.359225000,x1,99.9166,285
0D16:57:07.369239000,x1,99.9099,477
0D16:57:07.369253000,x1,100.061,135
0D16:57:07.379819000,x1,99.98953,80
0D16:57:07.379833000,x1,100.0571,339
0D16:57:07.388776000,x1,100.0484,34
0D16:57:07.388787000,x1,100.0715,17
0D16:57:07.398754000,x1,100.0459,439
0D16:57:07.398762000,x1,99.9659,174
0D16:57:07.408872000,x1,100.0645,497
0D16:57:07.408879000,x1,99.99537,308
0D16:57:07.418490000,x3,300.0809,349
0D16:57:07.418497000,x3,299.9089,28
0D16:57:07.428604000,x1,100.0004,30
0D16:57:07.428611000,x1,99.93208,277
0D16:57:07.438948000,x1,99.95519,169
0D16:57:07.438955000,x1,100.0265,416
0D16:57:07.449150000,x3,300.0534,388
0D16:57:07.449162000,x3,300.0091,175
0D16:57:07.459190000,x3,299.9925,119
0D16:57:07.459202000,x3,300.0523,192
0D16:57:07.469576000,x2,200.0983,346
0D16:57:07.469590000,x2,200.0823,244
0D16:57:07.479146000,x1,100.0513,345
0D16:57:07.479161000,x1,99.98595,27
0D16:57:07.489421000,x3,300.0405,142
0D16:57:07.489436000,x3,300.0179,41
0D16:57:07.499082000,x2,199.9018,130
0D16:57:07.499091000,x2,199.9484,67
0D16:57:07.509119000,x2,199.9586,495
0D16:57:07.509127000,x2,199.9104,142
0D16:57:07.519127000,x2,199.9568,483
0D16:57:07.519138000,x2,200.0868,121
0D16:57:07.529177000,x2,200.0212,242
0D16:57:07.529181000,x2,199.9878,326
0D16:57:07.539677000,x3,300.0609,140
0D16:57:07.539681000,x3,299.9329,381
0D16:57:07.548400000,x1,99.91193,130
0D16:57:07.548416000,x1,100.0879,124
0D16:57:07.559555000,x3,300.058,486
0D16:57:07.559570000,x3,300.005,203
0D16:57:07.570020000,x2,200.0695,464
0D16:57:07.570037000,x2,199.9597,462
0D16:57:07.579074000,x2,199.944,137
0D16:57:07.579090000,x2,200.0496,445
0D16:57:07.589704000,x3,299.957,281
0D16:57:07.589719000,x3,299.993,178
0D16:57:07.599908000,x3,299.9168,127
0D16:57:07.599920000,x3,299.9512,139
0D16:57:07.609678000,x1,99.97722,426
0D16:57:07.609686000,x1,100.0045,183
0D16:57:07.618527000,x1,99.96001,328
0D16:57:07.618534000,x1,100.0881,284
0D16:57:07.628525000,x3,299.9402,377
0D16:57:07.628533000,x3,299.9724,128
0D16:57:07.638548000,x2,200.0051,433
0D16:57:07.638557000,x2,199.9576,273
0D16:57:07.648562000,x2,199.9811,102
0D16:57:07.648591000,x2,200.0157,27
0D16:57:07.658974000,x1,100.0363,92
0D16:57:07.658990000,x1,100.0176,356
0D16:57:07.669404000,x3,299.9241,43
0D16:57:07.669419000,x3,299.9317,462
0D16:57:07.679372000,x3,300.0645,418
0D16:57:07.679388000,x3,299.9417,124
0D16:57:07.689014000,x3,300.048,10
0D16:57:07.689024000,x3,300.0216,452
0D16:57:07.699247000,x3,299.9737,311
0D16:57:07.699256000,x3,299.9886,304
0D16:57:07.709248000,x1,99.93495,479
0D16:57:07.709258000,x1,99.97715,7
0D16:57:07.719555000,x1,99.90845,392
0D16:57:07.719564000,x1,99.95233,201
0D16:57:07.729425000,x2,199.9663,180
0D16:57:07.729435000,x2,199.9858,382
0D16:57:07.739233000,x2,200.0193,12
0D16:57:07.739241000,x2,199.9873,484
0D16:57:07.749167000,x2,199.9671,152
0D16:57:07.749174000,x2,199.9243,462
0D16:57:07.759105000,x3,300.0231,7
0D16:57:07.759112000,x3,300.0798,188
0D16:57:07.779459000,x3,299.9571,113
0D16:57:07.779468000,x3,299.9301,395
0D16:57:07.789558000,x2,199.9319,74
0D16:57:07.789562000,x2,200.0414,352
0D16:57:07.799144000,x1,100.0239,265
0D16:57:07.799148000,x1,100.054,336
0D16:57:07.808293000,x2,200.094,247
0D16:57:07.808297000,x2,199.9979,450
0D16:57:07.819238000,x2,200.0544,160
0D16:57:07.819242000,x2,200.0675,228
0D16:57:07.828884000,x1,100.0577,261
0D16:57:07.828890000,x1,99.94224,200
0D16:57:07.838783000,x3,300.0871,236
0D16:57:07.838798000,x3,299.9046,445
0D16:57:07.858939000,x1,100.0113,434
0D16:57:07.858950000,x1,99.91818,457
0D16:57:07.869670000,x3,299.9262,270
0D16:57:07.869679000,x3,299.9951,244
0D16:57:07.878919000,x3,300.0602,467
0D16:57:07.878925000,x3,299.979,432
0D16:57:07.888683000,x3,300.084,445
0D16:57:07.888689000,x3,299.9921,101
0D16:57:07.899295000,x2,200.0281,213
0D16:57:07.899301000,x2,200.0465,212
0D16:57:07.908609000,x2,199.9495,139
0D16:57:07.908614000,x2,199.9283,10
0D16:57:07.918804000,x2,199.9047,337
0D16:57:07.918809000,x2,200.02,83
0D16:57:07.928653000,x3,299.9317,439
0D16:57:07.928657000,x3,300.0932,381
0D16:57:07.939485000,x1,100.0337,10
0D16:57:07.939489000,x1,100.0374,220
0D16:57:07.948913000,x1,100.0129,262
0D16:57:07.948929000,x1,99.99566,25
0D16:57:07.969832000,x2,199.9487,455
0D16:57:07.969848000,x2,200.0188,193
0D16:57:07.979539000,x3,300.0199,281
0D16:57:07.979553000,x3,300.0867,67
0D16:57:07.989749000,x3,299.9489,121
0D16:57:07.989762000,x3,299.902,369
0D16:57:07.999953000,x3,299.9401,6
0D16:57:07.999968000,x3,300.0865,489
0D16:57:08.008978000,x1,100.0976,398
0D16:57:08.008994000,x1,99.98523,343
0D16:57:08.019923000,x2,200.0876,245
0D16:57:08.019938000,x2,199.9927,403
0D16:57:08.029403000,x1,99.90077,300
0D16:57:08.029419000,x1,99.92547,40
0D16:57:08.038951000,x1,100.0362,417
0D16:57:08.038960000,x1,99.93271,155
0D16:57:08.048957000,x3,300.0747,82
0D16:57:08.048965000,x3,300.0278,225
0D16:57:08.058565000,x1,100.0186,54
0D16:57:08.058570000,x1,99.92082,82
0D16:57:08.068754000,x2,200.0506,318
0D16:57:08.068758000,x2,200.0689,178
0D16:57:08.088687000,x1,100.0189,474
0D16:57:08.088691000,x1,100.0565,381
0D16:57:08.098463000,x1,99.91789,48
0D16:57:08.098467000,x1,99.94904,129
0D16:57:08.108904000,x1,99.94773,213
0D16:57:08.108909000,x1,100.0292,94
0D16:57:08.118395000,x2,199.9004,163
0D16:57:08.118401000,x2,199.9116,7
0D16:57:08.128394000,x1,99.93698,244
0D16:57:08.128399000,x1,99.92536,331
0D16:57:08.138340000,x2,200.0164,324
0D16:57:08.138346000,x2,200.0032,337
0D16:57:08.148668000,x3,299.9168,266
0D16:57:08.148674000,x3,299.9951,307
0D16:57:08.168734000,x1,100.0468,325
0D16:57:08.168741000,x1,100.0416,132
0D16:57:08.178877000,x2,199.9519,416
0D16:57:08.178881000,x2,200.0403,118
0D16:57:08.188611000,x2,200.0367,117
0D16:57:08.188616000,x2,200.0238,441
0D16:57:08.198852000,x2,200.0464,69
0D16:57:08.198857000,x2,200.0766,155
0D16:57:08.208712000,x1,100.0834,195
0D16:57:08.208717000,x1,100.0089,326
0D16:57:08.219062000,x1,100.021,405
0D16:57:08.219067000,x1,99.97393,407
0D16:57:08.228902000,x1,99.90857,198
0D16:57:08.228906000,x1,99.93839,445
0D16:57:08.258464000,x3,299.9239,434
0D16:57:08.258468000,x3,300.035,376
0D16:57:08.268757000,x1,99.95599,154
0D16:57:08.268761000,x1,99.91232,75
0D16:57:08.278821000,x2,200.0547,409
0D16:57:08.278826000,x2,200.0537,173
0D16:57:08.288881000,x1,99.91618,345
0D16:57:08.288886000,x1,100.0302,28
0D16:57:08.298778000,x1,99.92717,234
0D16:57:08.298783000,x1,99.94997,290
0D16:57:08.308731000,x2,200.0553,19
0D16:57:08.308736000,x2,200.0876,2
0D16:57:08.318525000,x2,200.0797,328
0D16:57:08.318532000,x2,199.9258,223
0D16:57:08.328497000,x3,299.9952,467
0D16:57:08.328501000,x3,300.0341,258
0D16:57:08.339071000,x3,299.9582,269
0D16:57:08.339076000,x3,299.9701,36
0D16:57:08.348496000,x2,200.0261,362
0D16:57:08.348501000,x2,200.0983,223
0D16:57:08.358810000,x3,300.0266,170
0D16:57:08.358815000,x3,300.071,233
0D16:57:08.368574000,x1,100.0729,18
0D16:57:08.368579000,x1,99.99594,337
0D16:57:08.378543000,x2,200.0081,220
0D16:57:08.378556000,x2,200.0713,409
0D16:57:08.389375000,x2,199.9531,326
0D16:57:08.389382000,x2,199.9008,31
0D16:57:08.399054000,x3,300.0474,217
0D16:57:08.399060000,x3,299.98,228
0D16:57:08.408438000,x2,200.0029,300
0D16:57:08.408453000,x2,199.9745,291
0D16:57:08.419474000,x2,199.9324,477
0D16:57:08.419483000,x2,199.9735,308
0D16:57:08.428830000,x3,300.0925,229
0D16:57:08.428835000,x3,299.987,269
0D16:57:08.438543000,x3,299.928,132
0D16:57:08.438557000,x3,300.0641,272
0D16:57:08.449073000,x2,200.0481,127
0D16:57:08.449080000,x2,200.059,15
0D16:57:08.458776000,x1,99.90388,465
0D16:57:08.458780000,x1,99.97171,260
0D16:57:08.468651000,x3,300.0557,201
0D16:57:08.468668000,x3,299.9577,19
0D16:57:08.478734000,x2,200.0544,309
0D16:57:08.478739000,x2,200.0407,378
0D16:57:08.498334000,x2,200.0621,247
0D16:57:08.498338000,x2,199.9198,287
0D16:57:08.508435000,x1,99.92917,212
0D16:57:08.508452000,x1,99.97051,472
0D16:57:08.519368000,x1,99.94016,69
0D16:57:08.519380000,x1,100.04,222
0D16:57:08.529589000,x3,300.0318,111
0D16:57:08.529596000,x3,300.012,195
0D16:57:08.549129000,x2,199.927,428
0D16:57:08.549132000,x2,199.9575,100
0D16:57:08.568636000,x1,99.94206,170
0D16:57:08.568641000,x1,100.0763,392
0D16:57:08.579167000,x2,199.954,185
0D16:57:08.579172000,x2,200.09,59
0D16:57:08.588410000,x1,99.92435,374
0D16:57:08.588414000,x1,100.0037,62
0D16:57:08.599203000,x1,100.0984,376
0D16:57:08.599207000,x1,99.9547,290
0D16:57:08.609078000,x2,199.9799,402
0D16:57:08.609083000,x2,199.9212,237
0D16:57:08.618716000,x1,99.94068,497
0D16:57:08.618721000,x1,99.9816,317
0D16:57:08.628566000,x1,99.94761,138
0D16:57:08.628571000,x1,99.99082,72
0D16:57:08.638520000,x2,199.9044,276
0D16:57:08.638524000,x2,199.9424,450
0D16:57:08.648384000,x2,200.0411,336
0D16:57:08.648388000,x2,199.9183,175
0D16:57:08.658626000,x3,300.0183,111
0D16:57:08.658642000,x3,300.0992,463
0D16:57:08.668613000,x1,99.96424,492
0D16:57:08.668618000,x1,99.97362,435
0D16:57:08.678759000,x2,199.9317,91
0D16:57:08.678764000,x2,200.0813,357
0D16:57:08.688434000,x2,200.0389,48
0D16:57:08.688439000,x2,199.9077,398
0D16:57:08.698859000,x1,100.0128,161
0D16:57:08.698864000,x1,100.0977,228
0D16:57:08.708660000,x2,199.9611,470
0D16:57:08.708664000,x2,200.073,388
0D16:57:08.718979000,x3,300.0592,11
0D16:57:08.718996000,x3,299.9617,359
0D16:57:08.729436000,x1,100,22
0D16:57:08.729452000,x1,100.0504,144
0D16:57:08.739229000,x3,299.9034,154
0D16:57:08.739245000,x3,300.0437,257
0D16:57:08.750191000,x1,100.0053,192
0D16:57:08.750207000,x1,99.93012,425
0D16:57:08.769366000,x1,100.0909,86
0D16:57:08.769373000,x1,99.91729,209
0D16:57:08.779367000,x3,299.9136,163
0D16:57:08.779375000,x3,299.9633,438
0D16:57:08.789388000,x1,99.98414,317
0D16:57:08.789397000,x1,100.078,482
0D16:57:08.799076000,x3,300.0345,154
0D16:57:08.799084000,x3,299.9451,110
0D16:57:08.809176000,x3,300.0934,264
0D16:57:08.809183000,x3,300.0212,114
0D16:57:08.819621000,x3,299.9289,163
0D16:57:08.819630000,x3,299.9977,389
0D16:57:08.829355000,x2,199.982,147
0D16:57:08.829363000,x2,199.9016,479
0D16:57:08.839374000,x3,299.9051,213
0D16:57:08.839382000,x3,299.9844,78
0D16:57:08.849288000,x3,300.03,50
0D16:57:08.849295000,x3,300.0622,268
0D16:57:08.858576000,x2,200.0637,140
0D16:57:08.858580000,x2,199.9829,22
0D16:57:08.868796000,x3,299.9109,419
0D16:57:08.868811000,x3,300.0229,280
0D16:57:08.879513000,x3,299.9761,91
0D16:57:08.879527000,x3,299.9103,373
0D16:57:08.888924000,x2,200.023,44
0D16:57:08.888939000,x2,200.085,119
0D16:57:08.899886000,x3,299.9034,311
0D16:57:08.899902000,x3,300.0398,195
0D16:57:08.909306000,x1,100.0522,119
0D16:57:08.909316000,x1,100.083,258
0D16:57:08.919565000,x1,100.0923,26
0D16:57:08.919582000,x1,100.0014,223
0D16:57:08.928781000,x1,100.0758,477
0D16:57:08.928786000,x1,99.94621,459
0D16:57:08.938815000,x3,299.9974,377
0D16:57:08.938819000,x3,299.9713,287
0D16:57:08.949110000,x3,300.0986,471
0D16:57:08.949114000,x3,299.9877,449
0D16:57:08.959075000,x3,300.0951,334
0D16:57:08.959080000,x3,300.0993,322
0D16:57:08.968867000,x1,99.93604,237
0D16:57:08.968871000,x1,100.0741,149
0D16:57:08.978658000,x2,199.9123,128
0D16:57:08.978662000,x2,200.0494,154
0D16:57:08.988461000,x1,100.0966,397
0D16:57:08.988477000,x1,99.99993,186
0D16:57:08.999157000,x3,300.0266,127
0D16:57:08.999173000,x3,300.0611,478
0D16:57:09.009309000,x2,199.9028,52
0D16:57:09.009325000,x2,200.0043,351
0D16:57:09.019232000,x1,100.0062,290
0D16:57:09.019243000,x1,99.90065,250
0D16:57:09.029247000,x2,200.0748,239
0D16:57:09.029254000,x2,200.022,123
0D16:57:09.038887000,x3,299.9792,144
0D16:57:09.038894000,x3,300.003,431
0D16:57:09.049444000,x3,300.0069,284
0D16:57:09.049451000,x3,300.0554,256
0D16:57:09.059087000,x2,199.9865,198
0D16:57:09.059095000,x2,200.065,87
0D16:57:09.069222000,x3,300.0126,57
0D16:57:09.069227000,x3,300.0039,196
0D16:57:09.078472000,x1,99.90669,195
0D16:57:09.078476000,x1,99.90647,113
0D16:57:09.089237000,x3,299.9849,359
0D16:57:09.089241000,x3,300.0848,404
0D16:57:09.098552000,x1,99.96742,381
0D16:57:09.098557000,x1,100.0301,396
0D16:57:09.109177000,x2,200.0025,331
0D16:57:09.109181000,x2,199.9653,362
0D16:57:09.128336000,x2,199.9527,161
0D16:57:09.128350000,x2,199.9939,473
0D16:57:09.139667000,x3,300.0296,238
0D16:57:09.139683000,x3,300.088,52
0D16:57:09.149400000,x2,199.9363,84
0D16:57:09.149416000,x2,199.9251,24
0D16:57:09.159446000,x3,299.9156,424
0D16:57:09.159462000,x3,300.0607,215
0D16:57:09.169777000,x3,299.983,51
0D16:57:09.169786000,x3,300.0343,483
0D16:57:09.178734000,x3,299.9152,4
0D16:57:09.178742000,x3,300.0031,373
0D16:57:09.198715000,x1,100.0488,43
0D16:57:09.198721000,x1,100.0115,173
0D16:57:09.208862000,x3,299.91,342
0D16:57:09.208869000,x3,300.0385,171
0D16:57:09.218502000,x1,99.94073,458
0D16:57:09.218509000,x1,99.95436,5
0D16:57:09.228858000,x1,100.0865,299
0D16:57:09.228865000,x1,100.0141,363
0D16:57:09.239162000,x3,299.9494,230
0D16:57:09.239168000,x3,300.0725,402
0D16:57:09.248493000,x1,100.0274,88
0D16:57:09.248497000,x1,100.0851,15
0D16:57:09.258605000,x3,300.0651,475
0D16:57:09.258610000,x3,299.9151,291
0D16:57:09.268782000,x2,200.0033,486
0D16:57:09.268807000,x2,200.0898,483
0D16:57:09.279049000,x3,300.0459,91
0D16:57:09.279053000,x3,300.0357,93
0D16:57:09.288633000,x1,100.0969,413
0D16:57:09.288637000,x1,100.0849,213
0D16:57:09.298922000,x3,299.9531,48
0D16:57:09.298926000,x3,300.0418,14
0D16:57:09.308423000,x3,300.0835,117
0D16:57:09.308426000,x3,299.9161,198
0D16:57:09.318818000,x1,100.0623,370
0D16:57:09.318823000,x1,100.0279,129
0D16:57:09.328921000,x2,200.0781,490
0D16:57:09.328936000,x2,199.9512,114
0D16:57:09.339243000,x2,200.0534,415
0D16:57:09.339259000,x2,200.0108,275
0D16:57:09.349926000,x2,199.9436,310
0D16:57:09.349942000,x2,199.9567,417
0D16:57:09.359820000,x3,299.9857,106
0D16:57:09.359826000,x3,300.0442,133
0D16:57:09.369106000,x1,99.96238,103
0D16:57:09.369112000,x1,100.0269,314
0D16:57:09.378909000,x3,299.9841,450
0D16:57:09.378912000,x3,300.0575,42
0D16:57:09.389027000,x2,199.921,259
0D16:57:09.389031000,x2,199.9974,298
0D16:57:09.398989000,x1,99.93084,368
0D16:57:09.398994000,x1,99.96855,375
0D16:57:09.409294000,x2,199.9511,278
0D16:57:09.409309000,x2,200.0011,13
0D16:57:09.429361000,x1,100.0348,400
0D16:57:09.429377000,x1,99.96926,53
0D16:57:09.438965000,x2,200.0116,132
0D16:57:09.438975000,x2,199.9915,446
0D16:57:09.448769000,x3,299.9988,439
0D16:57:09.448777000,x3,299.9699,209
0D16:57:09.459163000,x2,200.0261,230
0D16:57:09.459170000,x2,199.9978,352
0D16:57:09.469243000,x2,200.0329,402
0D16:57:09.469259000,x2,200.0479,238
0D16:57:09.478657000,x1,100.0174,341
0D16:57:09.478673000,x1,99.97275,340
0D16:57:09.489637000,x1,99.97171,406
0D16:57:09.489653000,x1,99.90609,135
0D16:57:09.499498000,x1,100.0882,324
0D16:57:09.499513000,x1,100.095,316
0D16:57:09.509715000,x2,200.0402,488
0D16:57:09.509727000,x2,199.9583,20
0D16:57:09.519108000,x2,199.9247,447
0D16:57:09.519119000,x2,199.9718,227
0D16:57:09.528771000,x3,299.9662,57
0D16:57:09.528783000,x3,299.921,336
0D16:57:09.539706000,x1,100.0018,471
0D16:57:09.539713000,x1,99.99676,431
0D16:57:09.548867000,x2,199.9249,263
0D16:57:09.548873000,x2,200.0907,184
0D16:57:09.559354000,x2,199.9194,460
0D16:57:09.559359000,x2,200.0718,402
0D16:57:09.569361000,x2,200.0182,371
0D16:57:09.569366000,x2,199.9399,321
0D16:57:09.578759000,x3,300.0681,452
0D16:57:09.578764000,x3,299.921,132
0D16:57:09.589093000,x1,99.91074,154
0D16:57:09.589097000,x1,100.0148,420
0D16:57:09.599108000,x1,100.0274,179
0D16:57:09.599112000,x1,100.0048,237
0D16:57:09.609018000,x1,99.99011,241
0D16:57:09.609022000,x1,100.0262,115
0D16:57:09.619045000,x1,100.011,323
0D16:57:09.619050000,x1,100.0285,193
0D16:57:09.628437000,x1,100.0767,39
0D16:57:09.628441000,x1,100.0782,139
0D16:57:09.639420000,x2,200.037,427
0D16:57:09.639424000,x2,200.0023,409
0D16:57:09.648526000,x3,300.0406,490
0D16:57:09.648530000,x3,299.9122,115
0D16:57:09.658655000,x2,199.9927,239
0D16:57:09.658659000,x2,200.0634,294
0D16:57:09.678571000,x3,299.9755,205
0D16:57:09.678585000,x3,299.9912,231
0D16:57:09.688976000,x2,199.9984,195
0D16:57:09.688990000,x2,199.9867,122
0D16:57:09.699053000,x2,199.9228,455
0D16:57:09.699068000,x2,200.0823,82
0D16:57:09.709117000,x1,100.0215,308
0D16:57:09.709131000,x1,100.0632,52
0D16:57:09.720065000,x3,299.9784,236
0D16:57:09.720079000,x3,299.9182,76
0D16:57:09.729481000,x3,299.9052,154
0D16:57:09.729485000,x3,299.9814,143
0D16:57:09.738632000,x3,300.0934,43
0D16:57:09.738637000,x3,299.9164,461
0D16:57:09.748511000,x2,199.9136,182
0D16:57:09.748528000,x2,199.9477,258
0D16:57:09.779125000,x3,300.0738,65
0D16:57:09.779135000,x3,300.0705,313
0D16:57:09.788943000,x1,99.96271,423
0D16:57:09.788952000,x1,99.99541,256
0D16:57:09.799416000,x2,199.9295,56
0D16:57:09.799425000,x2,200.0044,238
0D16:57:09.818573000,x1,100.0037,429
0D16:57:09.818581000,x1,100.0421,82
0D16:57:09.828848000,x1,99.94304,453
0D16:57:09.828852000,x1,100.0323,490
0D16:57:09.838488000,x2,200.042,121
0D16:57:09.838500000,x2,200.0514,259
0D16:57:09.849558000,x2,199.9801,358
0D16:57:09.849566000,x2,200.0722,290
0D16:57:09.859084000,x2,199.9959,270
0D16:57:09.859088000,x2,200.0734,7
0D16:57:09.868939000,x3,300.0064,475
0D16:57:09.868943000,x3,300.004,461
0D16:57:09.879178000,x2,199.9097,232
0D16:57:09.879183000,x2,200.0379,462
0D16:57:09.889463000,x2,199.909,55
0D16:57:09.889467000,x2,199.905,307
0D16:57:09.899192000,x1,100.0068,76
0D16:57:09.899197000,x1,100.0144,307
0D16:57:09.909181000,x1,100.022,247
0D16:57:09.909185000,x1,100.0345,470
0D16:57:09.919116000,x3,300.0636,184
0D16:57:09.919120000,x3,299.9971,344
0D16:57:09.938738000,x1,100.0408,280
0D16:57:09.938742000,x1,99.94356,433
0D16:57:09.948735000,x1,99.98756,0
0D16:57:09.948740000,x1,99.99043,461
0D16:57:09.958627000,x2,199.9328,252
0D16:57:09.958631000,x2,200.0275,159
0D16:57:09.968869000,x3,300.0141,403
0D16:57:09.968875000,x3,299.918,13
0D16:57:09.978993000,x2,199.9316,345
0D16:57:09.978998000,x2,200.0951,40
0D16:57:09.988414000,x3,299.9066,322
0D16:57:09.988419000,x3,299.9876,116
0D16:57:09.998772000,x3,299.9536,52
0D16:57:09.998777000,x3,299.9844,460
0D16:57:10.008704000,x1,100.0973,363
0D16:57:10.008709000,x1,100.0354,280
0D16:57:10.018682000,x3,299.9801,360
0D16:57:10.018698000,x3,300.0839,91
0D16:57:10.030259000,x3,300.047,405
0D16:57:10.030275000,x3,299.9484,35
0D16:57:10.039819000,x3,299.9978,91
0D16:57:10.039835000,x3,300.0768,293
0D16:57:10.059471000,x1,99.9113,79
0D16:57:10.059480000,x1,99.98794,231
0D16:57:10.079540000,x1,100.0749,303
0D16:57:10.079544000,x1,100.0134,30
0D16:57:10.088876000,x2,199.9386,248
0D16:57:10.088881000,x2,199.9252,140
0D16:57:10.098336000,x3,300.0817,157
0D16:57:10.098341000,x3,299.9389,429
0D16:57:10.108565000,x1,100.0574,175
0D16:57:10.108569000,x1,99.9686,276
0D16:57:10.118764000,x3,300.0092,425
0D16:57:10.118769000,x3,299.9992,88
0D16:57:10.128471000,x3,300.0862,479
0D16:57:10.128475000,x3,300.065,175
0D16:57:10.138708000,x3,300.0269,4
0D16:57:10.138723000,x3,300.0776,327
0D16:57:10.149931000,x2,199.968,459
0D16:57:10.149947000,x2,199.975,439
0D16:57:10.159220000,x1,99.92443,441
0D16:57:10.159236000,x1,99.92894,314
0D16:57:10.169136000,x3,300.0053,319
0D16:57:10.169152000,x3,300.0743,253
0D16:57:10.179298000,x1,100.0225,172
0D16:57:10.179309000,x1,99.93183,465
0D16:57:10.189024000,x1,100.0622,10
0D16:57:10.189035000,x1,100.077,15
0D16:57:10.208823000,x2,200.0221,168
0D16:57:10.208827000,x2,199.9482,143
0D16:57:10.219006000,x1,99.92181,124
0D16:57:10.219010000,x1,100.0261,290
0D16:57:10.228499000,x1,99.90826,359
0D16:57:10.228503000,x1,100.0653,413
0D16:57:10.239021000,x3,299.9305,281
0D16:57:10.239025000,x3,299.9069,393
0D16:57:10.248401000,x2,200.0639,196
0D16:57:10.248406000,x2,199.9169,49
0D16:57:10.259070000,x2,200.0465,414
0D16:57:10.259074000,x2,200.0641,35
0D16:57:10.268635000,x3,299.9647,400
0D16:57:10.268640000,x3,299.978,180
0D16:57:10.279070000,x2,199.9637,86
0D16:57:10.279075000,x2,200.0477,400
0D16:57:10.299153000,x1,100.0392,395
0D16:57:10.299169000,x1,100.0262,39
0D16:57:10.309129000,x1,100.0517,60
0D16:57:10.309144000,x1,100.0841,427
0D16:57:10.319047000,x3,299.9496,174
0D16:57:10.319063000,x3,299.9749,368
0D16:57:10.329244000,x2,200.0604,364
0D16:57:10.329259000,x2,199.9697,472
0D16:57:10.339365000,x2,200.0253,143
0D16:57:10.339380000,x2,199.9942,362
0D16:57:10.349531000,x2,200.0205,17
0D16:57:10.349546000,x2,200.0593,315
0D16:57:10.359546000,x2,200.0614,352
0D16:57:10.359562000,x2,200.0126,498
0D16:57:10.369502000,x1,99.98993,190
0D16:57:10.369511000,x1,99.92267,380
0D16:57:10.378820000,x1,99.90835,496
0D16:57:10.378828000,x1,99.91102,317
0D16:57:10.388503000,x2,200.0029,309
0D16:57:10.388510000,x2,199.9075,68
0D16:57:10.398845000,x2,199.9737,99
0D16:57:10.398852000,x2,200.0183,180
0D16:57:10.408839000,x3,299.9802,57
0D16:57:10.408843000,x3,300.0446,447
0D16:57:10.428621000,x1,100.055,195
0D16:57:10.428625000,x1,99.92313,115
0D16:57:10.439400000,x3,299.934,22
0D16:57:10.439405000,x3,299.9838,483
0D16:57:10.449270000,x2,200.0134,234
0D16:57:10.449282000,x2,200.0859,182
0D16:57:10.469033000,x2,199.9093,55
0D16:57:10.469038000,x2,199.9646,262
0D16:57:10.479013000,x1,100.0457,378
0D16:57:10.479018000,x1,99.90705,317
0D16:57:10.488735000,x2,199.9945,473
0D16:57:10.488739000,x2,200.0366,285
0D16:57:10.498493000,x2,200.0509,268
0D16:57:10.498498000,x2,199.9621,281
0D16:57:10.508884000,x1,99.9696,256
0D16:57:10.508889000,x1,100.0267,126
0D16:57:10.519309000,x1,100.0069,109
0D16:57:10.519314000,x1,99.95804,179
0D16:57:10.529173000,x1,100.0476,275
0D16:57:10.529188000,x1,99.9427,196
0D16:57:10.539190000,x3,299.9025,421
0D16:57:10.539206000,x3,300.0222,414
0D16:57:10.549421000,x2,200.0713,410
0D16:57:10.549426000,x2,199.9166,331
0D16:57:10.558413000,x2,199.9886,230
0D16:57:10.558418000,x2,200.0303,236
0D16:57:10.569664000,x2,200.0189,263
0D16:57:10.569673000,x2,200.0333,2
0D16:57:10.579208000,x2,199.9119,471
0D16:57:10.579212000,x2,200.0621,326
0D16:57:10.588613000,x3,300.0406,297
0D16:57:10.588617000,x3,300.0839,24
0D16:57:10.598430000,x3,300.054,229
0D16:57:10.598445000,x3,299.9972,309
0D16:57:10.609696000,x1,99.92926,370
0D16:57:10.609712000,x1,100.0935,485
0D16:57:10.619724000,x3,299.9541,369
0D16:57:10.619740000,x3,299.9568,351
0D16:57:10.629645000,x1,99.91566,379
0D16:57:10.629656000,x1,99.99699,20
0D16:57:10.639373000,x3,299.9158,164
0D16:57:10.639383000,x3,300.0163,67
0D16:57:10.649610000,x1,100.0961,357
0D16:57:10.649613000,x1,99.93267,249
0D16:57:10.658790000,x1,100.0431,347
0D16:57:10.658794000,x1,100.0013,127
0D16:57:10.669557000,x3,299.9604,246
0D16:57:10.669562000,x3,299.9698,462
0D16:57:10.688488000,x3,300.0684,278
0D16:57:10.688494000,x3,299.903,209
0D16:57:10.698726000,x2,199.9702,37
0D16:57:10.698742000,x2,200.0402,485
0D16:57:10.709478000,x1,99.9869,53
0D16:57:10.709493000,x1,100.0828,14
0D16:57:10.719328000,x3,299.9028,115
0D16:57:10.719343000,x3,299.9314,492
0D16:57:10.729584000,x3,299.9064,435
0D16:57:10.729601000,x3,300.0016,262
0D16:57:10.739488000,x3,300.0681,314
0D16:57:10.739504000,x3,300.0817,121
0D16:57:10.749252000,x1,100.0966,144
0D16:57:10.749266000,x1,99.90983,78
0D16:57:10.759252000,x1,100.099,12
0D16:57:10.759266000,x1,100.0326,391
0D16:57:10.769190000,x2,200.0348,470
0D16:57:10.769204000,x2,200.0598,418
0D16:57:10.779710000,x1,99.94274,33
0D16:57:10.779726000,x1,100.0589,159
0D16:57:10.789280000,x3,299.9262,27
0D16:57:10.789292000,x3,299.947,352
0D16:57:10.799279000,x3,300.0209,354
0D16:57:10.799290000,x3,300.0938,0
0D16:57:10.809110000,x3,300.0532,429
0D16:57:10.809120000,x3,300.0642,494
0D16:57:10.829269000,x2,200.0236,103
0D16:57:10.829280000,x2,200.022,190
0D16:57:10.838853000,x3,299.9101,288
0D16:57:10.838864000,x3,299.9811,197
0D16:57:10.849262000,x3,299.9043,425
0D16:57:10.849273000,x3,299.9684,78
0D16:57:10.859530000,x1,99.9803,383
0D16:57:10.859542000,x1,100.0697,343
0D16:57:10.869497000,x2,200.0291,94
0D16:57:10.869509000,x2,199.9944,59
0D16:57:10.879387000,x3,300.0769,432
0D16:57:10.879397000,x3,300.063,37
0D16:57:10.888828000,x3,299.911,251
0D16:57:10.888839000,x3,300.0113,44
0D16:57:10.898930000,x2,199.9561,215
0D16:57:10.898935000,x2,199.903,421
0D16:57:10.908957000,x2,200.0307,86
0D16:57:10.908962000,x2,199.9029,380
0D16:57:10.919277000,x2,200.0191,352
0D16:57:10.919282000,x2,200.0734,5
0D16:57:10.929089000,x1,100.0474,351
0D16:57:10.929094000,x1,100.0071,80
0D16:57:10.938677000,x1,99.99126,120
0D16:57:10.938682000,x1,99.92164,484
0D16:57:10.948645000,x2,200.0168,168
0D16:57:10.948650000,x2,199.9306,487
0D16:57:10.959153000,x3,300.0319,449
0D16:57:10.959158000,x3,299.9476,204
0D16:57:10.968495000,x1,99.91148,210
0D16:57:10.968501000,x1,99.97785,324
0D16:57:10.978475000,x3,300.018,355
0D16:57:10.978481000,x3,300.0216,201
0D16:57:10.989360000,x2,200.0262,337
0D16:57:10.989366000,x2,199.9204,125
0D16:57:10.998896000,x2,199.9635,34
0D16:57:10.998903000,x2,199.9771,197
0D16:57:11.008979000,x2,199.9331,465
0D16:57:11.008985000,x2,200.0784,169
0D16:57:11.019110000,x2,199.9501,28
0D16:57:11.019117000,x2,199.927,398
0D16:57:11.028740000,x3,299.9411,251
0D16:57:11.028746000,x3,300.0474,408
0D16:57:11.038976000,x3,299.9333,91
0D16:57:11.038983000,x3,300.0699,216
0D16:57:11.049129000,x1,99.99964,13
0D16:57:11.049136000,x1,100.0409,395
0D16:57:11.058804000,x3,300.0286,190
0D16:57:11.058811000,x3,300.0976,442
0D16:57:11.068856000,x3,299.9824,430
0D16:57:11.068872000,x3,299.9859,401
0D16:57:11.079217000,x1,100.0753,310
0D16:57:11.079232000,x1,99.97526,173
0D16:57:11.099171000,x3,300.0101,157
0D16:57:11.099183000,x3,300.0152,370
0D16:57:11.109813000,x1,99.95853,477
0D16:57:11.109822000,x1,100.0017,160
0D16:57:11.119083000,x2,200.0656,290
0D16:57:11.119087000,x2,200.0721,149
0D16:57:11.139569000,x1,99.91898,315
0D16:57:11.139573000,x1,99.99429,358
0D16:57:11.158596000,x2,200.0068,184
0D16:57:11.158600000,x2,199.998,228
0D16:57:11.168577000,x1,99.99571,98
0D16:57:11.168580000,x1,99.94486,284
0D16:57:11.179236000,x2,199.9831,266
0D16:57:11.179240000,x2,199.9711,29
0D16:57:11.189122000,x3,299.9787,157
0D16:57:11.189128000,x3,299.936,486
0D16:57:11.198703000,x1,100.0773,239
0D16:57:11.198707000,x1,100.0793,298
0D16:57:11.209237000,x2,199.9499,314
0D16:57:11.209242000,x2,200.0573,268
0D16:57:11.218455000,x2,199.9422,189
0D16:57:11.218460000,x2,199.9083,102
0D16:57:11.229029000,x1,100.0034,111
0D16:57:11.229036000,x1,99.99121,95
0D16:57:11.238769000,x1,99.9966,401
0D16:57:11.238775000,x1,100.0493,15
0D16:57:11.248857000,x2,199.9645,471
0D16:57:11.248876000,x2,200.027,178
0D16:57:11.259398000,x2,199.9169,419
0D16:57:11.259402000,x2,200.0638,344
0D16:57:11.269033000,x3,300.0439,282
0D16:57:11.269039000,x3,299.9965,219
0D16:57:11.278510000,x3,299.961,200
0D16:57:11.278515000,x3,299.9498,491
0D16:57:11.298750000,x3,300.0178,91
0D16:57:11.298756000,x3,299.9544,297
0D16:57:11.308447000,x2,199.9904,224
0D16:57:11.308479000,x2,199.9966,226
0D16:57:11.318474000,x1,100.0391,261
0D16:57:11.318478000,x1,99.954,285
0D16:57:11.328632000,x2,200.0466,3
0D16:57:11.328635000,x2,200.0448,309
0D16:57:11.338804000,x1,99.90744,242
0D16:57:11.338809000,x1,99.93366,165
0D16:57:11.348834000,x3,300.0625,352
0D16:57:11.348839000,x3,299.9049,324
0D16:57:11.358412000,x2,199.9127,84
0D16:57:11.358418000,x2,200.0736,496
0D16:57:11.378349000,x2,199.9758,345
0D16:57:11.378355000,x2,200.0727,352
0D16:57:11.399236000,x2,200.0268,444
0D16:57:11.399242000,x2,199.9777,364
0D16:57:11.409261000,x3,300.0209,107
0D16:57:11.409267000,x3,299.9804,298
0D16:57:11.418507000,x3,300.0731,473
0D16:57:11.418514000,x3,299.9398,19
0D16:57:11.428464000,x1,99.90439,8
0D16:57:11.428468000,x1,99.93438,168
0D16:57:11.438637000,x1,99.95161,445
0D16:57:11.438640000,x1,99.99459,23
0D16:57:11.448473000,x3,300.0383,454
0D16:57:11.448477000,x3,300.0278,339
0D16:57:11.458898000,x1,99.91313,232
0D16:57:11.458903000,x1,100.0543,323
0D16:57:11.468415000,x1,99.99627,487
0D16:57:11.468421000,x1,99.91929,360
0D16:57:11.478719000,x2,200.04,476
0D16:57:11.478724000,x2,199.9821,320
0D16:57:11.489024000,x2,200.0601,246
0D16:57:11.489040000,x2,199.9342,4
0D16:57:11.499542000,x3,300.0834,267
0D16:57:11.499558000,x3,300.0675,51
0D16:57:11.509567000,x3,300.0303,434
0D16:57:11.509582000,x3,300.0155,391
0D16:57:11.519902000,x3,300.0484,331
0D16:57:11.519910000,x3,300.0416,20
0D16:57:11.529569000,x3,299.955,415
0D16:57:11.529579000,x3,299.935,131
0D16:57:11.539512000,x1,99.97155,177
0D16:57:11.539521000,x1,100.074,261
0D16:57:11.549270000,x3,300.047,36
0D16:57:11.549279000,x3,299.9145,369
0D16:57:11.559194000,x2,199.9661,230
0D16:57:11.559205000,x2,200.0465,332
0D16:57:11.569193000,x2,199.9477,228
0D16:57:11.569199000,x2,200.0886,38
0D16:57:11.578853000,x1,100.0494,258
0D16:57:11.578858000,x1,100.0056,236
0D16:57:11.588645000,x2,200.0337,32
0D16:57:11.588648000,x2,199.9957,21
0D16:57:11.599362000,x3,299.9924,56
0D16:57:11.599367000,x3,299.9227,312
0D16:57:11.609392000,x1,100.0625,93
0D16:57:11.609407000,x1,99.97836,115
0D16:57:11.619968000,x1,99.92403,12
0D16:57:11.619983000,x1,100.0356,14
0D16:57:11.629102000,x3,300.0254,319
0D16:57:11.629117000,x3,299.9826,139
0D16:57:11.649266000,x2,199.9771,89
0D16:57:11.649270000,x2,200.0551,129
0D16:57:11.658987000,x1,99.92766,204
0D16:57:11.658992000,x1,99.9903,469
0D16:57:11.668803000,x3,299.9151,442
0D16:57:11.668807000,x3,299.9019,388
0D16:57:11.678813000,x3,299.922,154
0D16:57:11.678818000,x3,299.9458,237
0D16:57:11.688203000,x1,99.92002,19
0D16:57:11.688208000,x1,99.97696,476
0D16:57:11.698513000,x3,299.971,54
0D16:57:11.698528000,x3,299.9766,331
0D16:57:11.710236000,x3,299.9054,133
0D16:57:11.710252000,x3,300.0808,499
0D16:57:11.719337000,x3,299.9054,312
0D16:57:11.719352000,x3,300.0072,428
0D16:57:11.729893000,x3,300.0621,106
0D16:57:11.729903000,x3,300.0155,134
0D16:57:11.738851000,x3,300.0229,0
0D16:57:11.738860000,x3,300.0598,326
0D16:57:11.748664000,x1,99.9637,91
0D16:57:11.748669000,x1,99.90075,483
0D16:57:11.758895000,x3,300.0284,25
0D16:57:11.758899000,x3,299.9241,1
0D16:57:11.769272000,x2,199.9063,230
0D16:57:11.769276000,x2,200.0852,36
0D16:57:11.779201000,x3,300.0137,453
0D16:57:11.779206000,x3,300.0432,443
0D16:57:11.789209000,x3,300.0803,135
0D16:57:11.789214000,x3,299.9983,240
0D16:57:11.798531000,x2,199.9376,291
0D16:57:11.798534000,x2,200.0901,99
0D16:57:11.808603000,x2,200.0038,278
0D16:57:11.808608000,x2,200.067,280
0D16:57:11.828851000,x2,200.0648,125
0D16:57:11.828855000,x2,199.9927,132
0D16:57:11.839321000,x1,99.9572,51
0D16:57:11.839326000,x1,100.0797,338
0D16:57:11.848734000,x2,200.0463,189
0D16:57:11.848738000,x2,200.0719,169
0D16:57:11.859068000,x1,100.0074,418
0D16:57:11.859073000,x1,100.0633,50
0D16:57:11.879238000,x1,99.9268,377
0D16:57:11.879244000,x1,99.94802,475
0D16:57:11.888457000,x1,99.98086,362
0D16:57:11.888462000,x1,100.0257,172
0D16:57:11.899383000,x1,99.98211,499
0D16:57:11.899388000,x1,99.92476,371
0D16:57:11.908930000,x1,100.0179,274
0D16:57:11.908944000,x1,100.0742,7
0D16:57:11.919218000,x1,99.97398,237
0D16:57:11.919233000,x1,99.94111,67
0D16:57:11.929723000,x2,200.0173,100
0D16:57:11.929732000,x2,200.0411,499
0D16:57:11.948892000,x1,100.098,45
0D16:57:11.948902000,x1,99.96744,485
0D16:57:11.958772000,x1,100.0026,487
0D16:57:11.958780000,x1,100.0749,10
0D16:57:11.969072000,x1,99.91037,118
0D16:57:11.969079000,x1,99.95998,251
0D16:57:11.978739000,x1,99.94413,223
0D16:57:11.978744000,x1,100.0597,258
0D16:57:11.988939000,x3,300.0657,82
0D16:57:11.988944000,x3,300.0082,152
0D16:57:11.999019000,x3,299.9835,390
0D16:57:11.999023000,x3,300.0263,101
0D16:57:12.008738000,x3,299.9851,253
0D16:57:12.008742000,x3,299.9211,293
0D16:57:12.018330000,x3,299.9634,495
0D16:57:12.018334000,x3,300.0099,278
0D16:57:12.038988000,x3,300.0452,459
0D16:57:12.039003000,x3,300.0058,261
0D16:57:12.048986000,x2,200.0335,124
0D16:57:12.049002000,x2,199.9383,239
0D16:57:12.059245000,x1,99.9481,69
0D16:57:12.059261000,x1,100.0595,253
0D16:57:12.069394000,x3,299.973,454
0D16:57:12.069410000,x3,299.9592,383
0D16:57:12.079340000,x3,300.0799,153
0D16:57:12.079349000,x3,300.0418,92
0D16:57:12.088631000,x3,300.0029,175
0D16:57:12.088640000,x3,299.9592,94
0D16:57:12.108953000,x1,99.91256,368
0D16:57:12.108962000,x1,100.0383,201
0D16:57:12.118955000,x2,200.0057,265
0D16:57:12.118965000,x2,200.0362,234
0D16:57:12.128851000,x1,99.93001,386
0D16:57:12.128857000,x1,100.0198,461
0D16:57:12.138692000,x3,300.0741,247
0D16:57:12.138698000,x3,299.9827,258
0D16:57:12.159124000,x2,199.9897,461
0D16:57:12.159140000,x2,199.9093,238
0D16:57:12.169115000,x2,199.9175,167
0D16:57:12.169130000,x2,199.9767,146
0D16:57:12.189592000,x2,199.9117,139
0D16:57:12.189609000,x2,200.0725,407
0D16:57:12.199565000,x3,300.058,427
0D16:57:12.199581000,x3,300.0959,94
0D16:57:12.209281000,x3,299.9442,370
0D16:57:12.209295000,x3,300.0543,142
0D16:57:12.219467000,x1,99.97638,456
0D16:57:12.219475000,x1,99.92194,83
0D16:57:12.228475000,x3,300.0357,75
0D16:57:12.228482000,x3,300.0297,133
0D16:57:12.238603000,x1,99.9031,85
0D16:57:12.238608000,x1,100.0495,330
0D16:57:12.249291000,x2,199.9724,318
0D16:57:12.249306000,x2,199.9002,321
0D16:57:12.259370000,x2,200.0407,451
0D16:57:12.259385000,x2,200.0304,494
0D16:57:12.289593000,x2,199.9968,481
0D16:57:12.289602000,x2,199.933,224
0D16:57:12.299352000,x3,300.0997,366
0D16:57:12.299361000,x3,299.9664,447
0D16:57:12.309413000,x2,200.0545,403
0D16:57:12.309422000,x2,199.9894,495
0D16:57:12.319060000,x1,100.041,371
0D16:57:12.319065000,x1,100.0384,137
0D16:57:12.328417000,x3,299.9909,296
0D16:57:12.328421000,x3,300.0186,450
0D16:57:12.338698000,x3,299.9008,497
0D16:57:12.338714000,x3,299.9838,495
0D16:57:12.349430000,x1,99.91463,189
0D16:57:12.349444000,x1,99.97616,188
0D16:57:12.358859000,x1,100.0947,422
0D16:57:12.358873000,x1,100.0589,420
0D16:57:12.369171000,x1,99.98657,208
0D16:57:12.369185000,x1,99.96028,140
0D16:57:12.379857000,x2,200.0227,493
0D16:57:12.379867000,x2,200.0906,71
0D16:57:12.389242000,x3,299.9,191
0D16:57:12.389253000,x3,299.905,116
0D16:57:12.399178000,x3,299.915,156
0D16:57:12.399189000,x3,300.0418,258
0D16:57:12.409488000,x1,100.0375,109
0D16:57:12.409499000,x1,99.9525,314
0D16:57:12.419240000,x3,300.0828,465
0D16:57:12.419250000,x3,299.9494,18
0D16:57:12.429042000,x3,300.092,342
0D16:57:12.429052000,x3,300.0763,460
0D16:57:12.438914000,x1,100.0418,141
0D16:57:12.438919000,x1,100.0736,17
0D16:57:12.448252000,x3,299.9528,147
0D16:57:12.448257000,x3,299.9752,296
0D16:57:12.458387000,x2,199.9332,373
0D16:57:12.458391000,x2,199.9218,93
0D16:57:12.468612000,x1,99.94967,421
0D16:57:12.468617000,x1,99.92353,196
0D16:57:12.479091000,x1,100.0172,36
0D16:57:12.479096000,x1,99.97788,64
0D16:57:12.488372000,x3,300.0548,491
0D16:57:12.488377000,x3,299.983,354
0D16:57:12.498793000,x1,100.0352,489
0D16:57:12.498798000,x1,99.98848,389
0D16:57:12.508780000,x1,100.0647,31
0D16:57:12.508785000,x1,100.0784,480
0D16:57:12.519198000,x2,200.087,491
0D16:57:12.519202000,x2,199.9238,377
0D16:57:12.529006000,x3,300.0934,355
0D16:57:12.529011000,x3,300.0725,79
0D16:57:12.559254000,x3,299.9802,311
0D16:57:12.559269000,x3,299.9982,166
0D16:57:12.569252000,x3,299.9195,403
0D16:57:12.569268000,x3,300.0267,46
0D16:57:12.579203000,x2,199.9742,227
0D16:57:12.579207000,x2,199.9566,167
0D16:57:12.589087000,x3,300.0155,405
0D16:57:12.589095000,x3,299.9388,218
0D16:57:12.598509000,x1,99.90911,356
0D16:57:12.598513000,x1,99.96127,90
0D16:57:12.608486000,x1,99.99879,297
0D16:57:12.608490000,x1,100.0796,308
0D16:57:12.618682000,x3,300.0906,467
0D16:57:12.618687000,x3,300.0184,460
0D16:57:12.628822000,x3,299.9286,44
0D16:57:12.628827000,x3,299.9069,119
0D16:57:12.639141000,x2,199.9143,194
0D16:57:12.639146000,x2,200.0657,259
0D16:57:12.648778000,x2,200.0215,409
0D16:57:12.648783000,x2,200.055,423
0D16:57:12.659077000,x1,100.031,184
0D16:57:12.659083000,x1,100.0898,389
0D16:57:12.669180000,x3,299.927,116
0D16:57:12.669187000,x3,299.9885,469
0D16:57:12.679471000,x2,200.0526,457
0D16:57:12.679478000,x2,200.0253,172
0D16:57:12.688427000,x1,99.92863,102
0D16:57:12.688434000,x1,99.90169,219
0D16:57:12.699392000,x1,100.072,148
0D16:57:12.699399000,x1,100.0876,257
0D16:57:12.708759000,x1,99.9191,34
0D16:57:12.708766000,x1,100.0096,60
0D16:57:12.718793000,x1,100.073,387
0D16:57:12.718809000,x1,99.99111,49
0D16:57:12.728918000,x3,299.9197,395
0D16:57:12.728931000,x3,300.0747,492
0D16:57:12.738968000,x3,299.9285,7
0D16:57:12.738983000,x3,300.0857,95
0D16:57:12.759100000,x1,100.013,254
0D16:57:12.759111000,x1,99.99956,59
0D16:57:12.769096000,x1,99.94684,87
0D16:57:12.769107000,x1,99.96128,361
0D16:57:12.779442000,x3,300.009,47
0D16:57:12.779454000,x3,299.9845,182
0D16:57:12.788739000,x2,199.9513,307
0D16:57:12.788744000,x2,200.065,469
0D16:57:12.798607000,x3,300.0892,71
0D16:57:12.798612000,x3,299.913,488
0D16:57:12.808680000,x2,200.0444,498
0D16:57:12.808685000,x2,199.9007,36
0D16:57:12.819203000,x2,199.988,428
0D16:57:12.819211000,x2,199.9314,248
0D16:57:12.829286000,x3,300.0237,218
0D16:57:12.829291000,x3,300.0782,346
0D16:57:12.838737000,x3,299.913,403
0D16:57:12.838741000,x3,299.9431,294
0D16:57:12.849279000,x2,200.034,254
0D16:57:12.849294000,x2,199.9191,69
0D16:57:12.859234000,x2,199.9081,51
0D16:57:12.859249000,x2,199.9105,236
0D16:57:12.869690000,x2,199.9238,357
0D16:57:12.869705000,x2,199.9549,156
0D16:57:12.879478000,x1,99.99927,402
0D16:57:12.879492000,x1,99.96764,145
0D16:57:12.899484000,x3,299.9677,228
0D16:57:12.899500000,x3,299.9077,104
0D16:57:12.908971000,x1,99.91891,388
0D16:57:12.908976000,x1,99.98594,50
0D16:57:12.918718000,x1,99.91153,94
0D16:57:12.918729000,x1,99.99165,403
0D16:57:12.929093000,x1,100.0742,228
0D16:57:12.929098000,x1,99.91946,465
0D16:57:12.939166000,x1,100.0643,123
0D16:57:12.939169000,x1,100.0825,484
0D16:57:12.948479000,x2,200.0365,273
0D16:57:12.948484000,x2,200.077,264
0D16:57:12.958941000,x2,200.0574,240
0D16:57:12.958957000,x2,200.0598,362
0D16:57:12.969507000,x3,299.9135,424
0D16:57:12.969523000,x3,299.9313,124
0D16:57:12.979417000,x3,299.9467,268
0D16:57:12.979433000,x3,300.0304,448
0D16:57:12.989421000,x3,299.9839,452
0D16:57:12.989436000,x3,300.04,474
0D16:57:13.009513000,x2,199.9418,303
0D16:57:13.009525000,x2,200.079,151
0D16:57:13.019693000,x3,299.933,68
0D16:57:13.019704000,x3,300.0477,219
0D16:57:13.029560000,x1,99.9427,372
0D16:57:13.029568000,x1,100.0921,411
0D16:57:13.038602000,x2,199.9526,4
0D16:57:13.038617000,x2,199.9222,449
0D16:57:13.049883000,x2,200.0377,183
0D16:57:13.049899000,x2,199.9147,91
0D16:57:13.059162000,x1,99.98789,200
0D16:57:13.059178000,x1,100.0827,358
0D16:57:13.079875000,x3,300.0246,241
0D16:57:13.079883000,x3,299.9508,496
0D16:57:13.089265000,x1,99.90234,63
0D16:57:13.089275000,x1,100.0555,322
0D16:57:13.099125000,x1,99.90802,477
0D16:57:13.099134000,x1,100.0317,182
0D16:57:13.119622000,x1,100.008,230
0D16:57:13.119637000,x1,99.90277,74
0D16:57:13.129283000,x3,300.0524,208
0D16:57:13.129298000,x3,299.9116,117
0D16:57:13.139374000,x2,200.0195,211
0D16:57:13.139385000,x2,199.967,305
0D16:57:13.149134000,x1,100.0566,123
0D16:57:13.149145000,x1,100.023,23
0D16:57:13.158990000,x2,200.084,0
0D16:57:13.159001000,x2,199.9304,486
0D16:57:13.168862000,x1,99.99868,384
0D16:57:13.168874000,x1,99.97198,452
0D16:57:13.179199000,x1,100.0138,468
0D16:57:13.179210000,x1,99.97931,433
0D16:57:13.189649000,x1,99.95619,19
0D16:57:13.189661000,x1,99.90137,215
0D16:57:13.199096000,x1,99.97531,158
0D16:57:13.199108000,x1,99.90036,261
0D16:57:13.209061000,x2,199.9433,100
0D16:57:13.209072000,x2,199.9929,299
0D16:57:13.228697000,x2,199.9995,89
0D16:57:13.228706000,x2,199.9898,85
0D16:57:13.248938000,x2,200.0597,241
0D16:57:13.248942000,x2,200.0123,254
0D16:57:13.258503000,x3,299.9458,130
0D16:57:13.258508000,x3,299.9786,140
0D16:57:13.269065000,x1,100.0976,340
0D16:57:13.269069000,x1,99.93099,375
0D16:57:13.279612000,x3,299.9435,217
0D16:57:13.279617000,x3,299.948,49
0D16:57:13.288653000,x2,200.0845,184
0D16:57:13.288658000,x2,199.9209,381
0D16:57:13.299352000,x1,99.97456,264
0D16:57:13.299381000,x1,99.97926,487
0D16:57:13.308842000,x2,200.0061,161
0D16:57:13.308846000,x2,200.0002,79
0D16:57:13.318969000,x3,300.0192,224
0D16:57:13.318973000,x3,300.0704,149
0D16:57:13.328794000,x2,199.9724,112
0D16:57:13.328812000,x2,199.9764,186
0D16:57:13.338645000,x2,200.0432,333
0D16:57:13.338649000,x2,200.0155,114
0D16:57:13.369086000,x2,200.0258,299
0D16:57:13.369091000,x2,200.0323,188
0D16:57:13.378982000,x3,300.0628,38
0D16:57:13.378987000,x3,300.0008,298
0D16:57:13.389367000,x1,99.9806,176
0D16:57:13.389372000,x1,99.91931,367
0D16:57:13.398708000,x3,300.0058,474
0D16:57:13.398713000,x3,300.0568,185
0D16:57:13.408478000,x1,99.96242,220
0D16:57:13.408483000,x1,99.9658,384
0D16:57:13.419352000,x2,200.0624,374
0D16:57:13.419357000,x2,199.951,236
0D16:57:13.428791000,x3,299.9738,84
0D16:57:13.428796000,x3,300.0907,485
0D16:57:13.439033000,x1,99.93208,376
0D16:57:13.439048000,x1,99.92216,179
0D16:57:13.448946000,x3,299.9889,422
0D16:57:13.448961000,x3,300.0641,121
0D16:57:13.459801000,x2,200.0638,74
0D16:57:13.459817000,x2,200.0015,175
0D16:57:13.470163000,x1,99.90358,162
0D16:57:13.470179000,x1,100.0219,466
0D16:57:13.479020000,x3,300.0153,152
0D16:57:13.479032000,x3,299.9566,387
0D16:57:13.489195000,x2,199.9215,302
0D16:57:13.489206000,x2,199.9362,11
0D16:57:13.499143000,x3,299.948,59
0D16:57:13.499152000,x3,299.9347,444
0D16:57:13.509410000,x1,99.92074,50
0D16:57:13.509419000,x1,100.0797,286
0D16:57:13.518588000,x1,99.93324,382
0D16:57:13.518597000,x1,100.088,348
0D16:57:13.538788000,x2,200.024,430
0D16:57:13.538797000,x2,199.9414,96
0D16:57:13.549162000,x2,199.9863,272
0D16:57:13.549171000,x2,200.0366,187
0D16:57:13.559161000,x2,200.0912,36
0D16:57:13.559170000,x2,199.9687,168
0D16:57:13.568947000,x2,200.0612,493
0D16:57:13.568956000,x2,199.9798,238
0D16:57:13.579266000,x1,100.009,485
0D16:57:13.579274000,x1,99.98905,416
0D16:57:13.588919000,x2,199.9801,37
0D16:57:13.588926000,x2,199.9787,155
0D16:57:13.599224000,x1,100.0678,26
0D16:57:13.599230000,x1,100.0706,238
0D16:57:13.609208000,x3,300.0089,498
0D16:57:13.609213000,x3,299.9752,193
0D16:57:13.619743000,x2,200.0601,154
0D16:57:13.619747000,x2,200.0146,292
0D16:57:13.628678000,x2,200.0211,54
0D16:57:13.628683000,x2,200.0807,251
0D16:57:13.639393000,x2,199.904,95
0D16:57:13.639397000,x2,199.9192,430
0D16:57:13.648353000,x3,299.988,242
0D16:57:13.648358000,x3,300.0897,268
0D16:57:13.659018000,x1,99.97635,232
0D16:57:13.659023000,x1,99.95249,379
0D16:57:13.668367000,x1,100.0011,87
0D16:57:13.668371000,x1,100.0266,1
0D16:57:13.678427000,x1,99.90103,145
0D16:57:13.678432000,x1,100.0602,480
0D16:57:13.689723000,x3,300.0509,116
0D16:57:13.689729000,x3,299.9614,22
0D16:57:13.708197000,x2,200.0556,446
0D16:57:13.708201000,x2,200.0754,322
0D16:57:13.719278000,x1,99.91418,19
0D16:57:13.719284000,x1,99.96835,142
0D16:57:13.728774000,x1,100.0301,323
0D16:57:13.728780000,x1,99.93332,57
0D16:57:13.739048000,x1,100.0585,17
0D16:57:13.739053000,x1,99.98791,52
0D16:57:13.748411000,x2,199.9012,189
0D16:57:13.748426000,x2,200.0076,236
0D16:57:13.759156000,x3,300.0473,479
0D16:57:13.759171000,x3,300.0305,14
0D16:57:13.769867000,x3,299.9023,205
0D16:57:13.769881000,x3,300.0352,54
0D16:57:13.779278000,x1,99.99779,347
0D16:57:13.779283000,x1,100.013,1
0D16:57:13.789523000,x1,99.97408,54
0D16:57:13.789527000,x1,99.98304,480
0D16:57:13.799105000,x1,100.0048,113
0D16:57:13.799110000,x1,100.0773,158
0D16:57:13.809113000,x2,199.9994,143
0D16:57:13.809117000,x2,200.0542,426
0D16:57:13.819135000,x2,199.995,310
0D16:57:13.819139000,x2,200.0516,470
0D16:57:13.829026000,x2,200.0969,40
0D16:57:13.829031000,x2,199.9938,423
0D16:57:13.838905000,x3,300.0601,1
0D16:57:13.838909000,x3,299.921,237
0D16:57:13.848538000,x2,199.9818,150
0D16:57:13.848543000,x2,199.9285,339
0D16:57:13.858414000,x3,300.0696,37
0D16:57:13.858419000,x3,299.9749,386
0D16:57:13.868766000,x3,299.9631,487
0D16:57:13.868773000,x3,299.9978,182
0D16:57:13.878652000,x1,100.0406,415
0D16:57:13.878656000,x1,99.93648,321
0D16:57:13.888449000,x1,99.90963,370
0D16:57:13.888453000,x1,99.93305,306
0D16:57:13.899161000,x1,100.0934,15
0D16:57:13.899165000,x1,99.97177,291
0D16:57:13.909135000,x1,100.0788,2
0D16:57:13.909139000,x1,99.96825,21
0D16:57:13.918359000,x3,299.946,318
0D16:57:13.918364000,x3,300.0809,45
0D16:57:13.928739000,x2,199.9819,352
0D16:57:13.928744000,x2,199.9144,317
0D16:57:13.938725000,x3,300.0977,316
0D16:57:13.938729000,x3,299.9811,422
0D16:57:13.948853000,x2,200.0679,473
0D16:57:13.948857000,x2,200.0009,138
0D16:57:13.958742000,x1,100.0612,453
0D16:57:13.958769000,x1,99.96529,297
0D16:57:13.978940000,x3,299.9202,150
0D16:57:13.978945000,x3,300.08,447
0D16:57:13.999006000,x3,300.0342,319
0D16:57:13.999010000,x3,299.9016,345
0D16:57:14.009230000,x3,300.0153,217
0D16:57:14.009234000,x3,299.9179,411
0D16:57:14.019360000,x3,299.9389,253
0D16:57:14.019364000,x3,299.998,276
0D16:57:14.028373000,x2,200.0503,246
0D16:57:14.028388000,x2,200.0521,261
0D16:57:14.039808000,x2,199.9755,309
0D16:57:14.039824000,x2,199.9562,143
0D16:57:14.049240000,x2,200.0649,455
0D16:57:14.049254000,x2,199.9628,54
0D16:57:14.059453000,x1,100.0331,404
0D16:57:14.059469000,x1,100.0798,218
0D16:57:14.089522000,x3,299.9293,493
0D16:57:14.089527000,x3,300.0247,130
0D16:57:14.099104000,x1,99.97834,83
0D16:57:14.099109000,x1,100.0084,93
0D16:57:14.108805000,x1,99.97084,400
0D16:57:14.108819000,x1,99.93149,359
0D16:57:14.120100000,x2,200.0351,218
0D16:57:14.120116000,x2,199.9358,127
0D16:57:14.129410000,x3,299.9375,262
0D16:57:14.129425000,x3,299.988,91
0D16:57:14.139333000,x1,100.0391,151
0D16:57:14.139348000,x1,100.0875,85
0D16:57:14.149841000,x3,300.0669,395
0D16:57:14.149852000,x3,300.0478,45
0D16:57:14.158822000,x1,100.0309,434
0D16:57:14.158834000,x1,100.0817,239
0D16:57:14.169202000,x2,200.0703,393
0D16:57:14.169214000,x2,199.9155,127
0D16:57:14.179534000,x1,100.053,334
0D16:57:14.179543000,x1,99.93669,239
0D16:57:14.199819000,x3,299.9662,66
0D16:57:14.199824000,x3,299.9957,487
0D16:57:14.208938000,x3,300.0407,185
0D16:57:14.208942000,x3,299.9238,343
0D16:57:14.219142000,x2,199.9713,362
0D16:57:14.219147000,x2,200.0351,408
0D16:57:14.238581000,x2,200.0798,319
0D16:57:14.238586000,x2,199.9025,286
0D16:57:14.248693000,x1,100.0089,127
0D16:57:14.248697000,x1,99.94887,367
0D16:57:14.258489000,x2,200.0117,14
0D16:57:14.258505000,x2,199.9996,350
0D16:57:14.269246000,x2,200.0944,9
0D16:57:14.269261000,x2,200.0169,226
0D16:57:14.279402000,x1,99.91753,88
0D16:57:14.279417000,x1,100.0128,246
0D16:57:14.289385000,x1,99.91825,310
0D16:57:14.289400000,x1,99.92313,279
0D16:57:14.299336000,x1,99.94255,35
0D16:57:14.299347000,x1,99.98508,88
0D16:57:14.309885000,x1,100.0409,329
0D16:57:14.309896000,x1,100.0351,445
0D16:57:14.319569000,x2,200.0547,78
0D16:57:14.319578000,x2,200.0267,400
0D16:57:14.329673000,x2,199.9061,315
0D16:57:14.329679000,x2,199.926,291
0D16:57:14.339688000,x1,99.9841,43
0D16:57:14.339694000,x1,99.91457,460
0D16:57:14.348622000,x3,300.0725,258
0D16:57:14.348625000,x3,299.9834,311
0D16:57:14.358847000,x2,199.947,81
0D16:57:14.358851000,x2,200.0492,260
0D16:57:14.368615000,x1,100.0998,42
0D16:57:14.368631000,x1,100.0447,353
0D16:57:14.379045000,x3,300.0217,440
0D16:57:14.379060000,x3,300.0755,17
0D16:57:14.399414000,x2,200.0769,252
0D16:57:14.399430000,x2,200.0974,323
0D16:57:14.409359000,x3,300.0918,112
0D16:57:14.409375000,x3,300.0846,117
0D16:57:14.419905000,x1,100.0074,47
0D16:57:14.419917000,x1,100.0043,210
0D16:57:14.429555000,x2,199.9355,97
0D16:57:14.429567000,x2,199.9481,60
0D16:57:14.439148000,x3,300.0397,333
0D16:57:14.439160000,x3,300.0483,317
0D16:57:14.449085000,x3,299.935,159
0D16:57:14.449094000,x3,299.9355,308
0D16:57:14.459340000,x3,299.927,496
0D16:57:14.459349000,x3,299.9832,180
0D16:57:14.468709000,x2,200.0108,178
0D16:57:14.468718000,x2,200.0901,195
0D16:57:14.489324000,x3,299.9699,147
0D16:57:14.489340000,x3,299.9287,266
0D16:57:14.499136000,x3,299.9978,269
0D16:57:14.499140000,x3,299.9968,185
0D16:57:14.509073000,x1,99.96938,181
0D16:57:14.509077000,x1,99.91397,134
0D16:57:14.518718000,x1,99.9022,3
0D16:57:14.518723000,x1,99.95744,280
0D16:57:14.529363000,x1,99.9979,486
0D16:57:14.529379000,x1,99.90048,396
0D16:57:14.539426000,x2,199.9052,81
0D16:57:14.539441000,x2,200.0093,368
0D16:57:14.549336000,x1,100.0686,390
0D16:57:14.549344000,x1,99.99512,486
0D16:57:14.558959000,x1,99.9231,127
0D16:57:14.558966000,x1,100.0253,370
0D16:57:14.568811000,x3,300.0526,274
0D16:57:14.568827000,x3,299.9934,133
0D16:57:14.579485000,x1,99.97879,315
0D16:57:14.579499000,x1,99.9948,64
0D16:57:14.589290000,x1,100.077,427
0D16:57:14.589303000,x1,99.94818,71
0D16:57:14.599247000,x2,199.918,13
0D16:57:14.599258000,x2,199.9833,399
0D16:57:14.609182000,x3,300.0021,233
0D16:57:14.609189000,x3,300.0518,121
0D16:57:14.618656000,x1,100.0529,131
0D16:57:14.618662000,x1,99.95238,438
0D16:57:14.628855000,x3,300.0996,188
0D16:57:14.628860000,x3,299.983,223
0D16:57:14.638807000,x3,299.9648,160
0D16:57:14.638822000,x3,300.0174,499
0D16:57:14.649387000,x3,300.0346,96
0D16:57:14.649403000,x3,300.0096,0
0D16:57:14.659355000,x3,299.9693,67
0D16:57:14.659371000,x3,299.9164,498
0D16:57:14.669021000,x1,99.90488,200
0D16:57:14.669036000,x1,99.94957,19
0D16:57:14.679100000,x3,300.0119,470
0D16:57:14.679114000,x3,299.9291,396
0D16:57:14.689208000,x2,200.0059,489
0D16:57:14.689224000,x2,200.055,407
0D16:57:14.699322000,x2,200.0938,255
0D16:57:14.699338000,x2,199.9922,374
0D16:57:14.709561000,x1,99.95927,81
0D16:57:14.709572000,x1,99.954,165
0D16:57:14.719242000,x1,100.0602,432
0D16:57:14.719254000,x1,99.92039,58
0D16:57:14.729326000,x1,100.07,451
0D16:57:14.729335000,x1,100.076,45
0D16:57:14.738639000,x2,200.0088,458
0D16:57:14.738648000,x2,200.0383,414
0D16:57:14.748681000,x2,200.0111,418
0D16:57:14.748688000,x2,200.051,28
0D16:57:14.778724000,x3,299.9255,150
0D16:57:14.778728000,x3,300.0978,278
0D16:57:14.789158000,x2,199.9859,31
0D16:57:14.789163000,x2,199.9441,414
0D16:57:14.798572000,x2,199.9428,381
0D16:57:14.798576000,x2,200.0232,352
0D16:57:14.809302000,x3,300.0874,75
0D16:57:14.809313000,x3,300.0175,77
0D16:57:14.818991000,x3,299.9731,177
0D16:57:14.819006000,x3,300.0851,185
0D16:57:14.829242000,x3,299.9323,242
0D16:57:14.829258000,x3,300.09,136
0D16:57:14.839904000,x3,300.0212,170
0D16:57:14.839916000,x3,300.0398,472
0D16:57:14.848719000,x1,100.0076,406
0D16:57:14.848726000,x1,100.0187,437
0D16:57:14.868610000,x1,100.0333,31
0D16:57:14.868614000,x1,100.0931,137
0D16:57:14.878765000,x1,99.95538,314
0D16:57:14.878769000,x1,99.92915,274
0D16:57:14.888930000,x3,300.0226,422
0D16:57:14.888934000,x3,300.0679,279
0D16:57:14.909288000,x3,300.0289,433
0D16:57:14.909293000,x3,299.9477,297
0D16:57:14.919069000,x1,100.0977,225
0D16:57:14.919074000,x1,100.0842,240
0D16:57:14.928701000,x1,99.96035,146
0D16:57:14.928715000,x1,99.90895,65
0D16:57:14.939658000,x3,300.0251,447
0D16:57:14.939674000,x3,300.0986,135
0D16:57:14.949667000,x3,299.9372,131
0D16:57:14.949679000,x3,300.0307,112
0D16:57:14.959517000,x1,99.966,479
0D16:57:14.959522000,x1,99.91142,351
0D16:57:14.968817000,x3,300.0791,40
0D16:57:14.968822000,x3,300.0444,336
0D16:57:14.978654000,x3,299.9175,132
0D16:57:14.978658000,x3,299.9214,263
0D16:57:14.988368000,x1,100.0521,332
0D16:57:14.988375000,x1,100.0346,352
0D16:57:14.998437000,x2,199.9908,24
0D16:57:14.998446000,x2,199.9515,429
0D16:57:15.009852000,x2,200.0546,202
0D16:57:15.009867000,x2,199.9464,112
0D16:57:15.019600000,x2,200.097,229
0D16:57:15.019614000,x2,199.9736,401
0D16:57:15.029606000,x3,300.0275,271
0D16:57:15.029621000,x3,299.9003,207
0D16:57:15.038923000,x2,200.0946,247
0D16:57:15.038933000,x2,199.9566,464
0D16:57:15.049565000,x1,100.0091,1
0D16:57:15.049572000,x1,99.95911,163
0D16:57:15.059113000,x2,199.9162,109
0D16:57:15.059121000,x2,200.0032,53
0D16:57:15.069388000,x2,200.0743,75
0D16:57:15.069393000,x2,200.0498,399
0D16:57:15.078489000,x2,199.9273,148
0D16:57:15.078493000,x2,200.0036,151
0D16:57:15.088977000,x3,299.947,28
0D16:57:15.088982000,x3,299.9303,445
0D16:57:15.108531000,x2,200.0957,357
0D16:57:15.108536000,x2,200.0436,195
0D16:57:15.119343000,x1,99.96489,310
0D16:57:15.119348000,x1,100.0089,228
0D16:57:15.138857000,x2,199.9663,420
0D16:57:15.138862000,x2,199.9134,321
0D16:57:15.148655000,x2,199.9164,3
0D16:57:15.148660000,x2,200.0236,279
0D16:57:15.158278000,x2,200.0255,56
0D16:57:15.158283000,x2,200.0544,88
0D16:57:15.169145000,x1,99.95446,392
0D16:57:15.169148000,x1,99.9515,286
0D16:57:15.178942000,x2,200.0638,6
0D16:57:15.178946000,x2,199.9931,440
0D16:57:15.188254000,x2,199.9092,6
0D16:57:15.188258000,x2,200.0169,409
0D16:57:15.208450000,x3,299.9595,263
0D16:57:15.208455000,x3,300.0204,36
0D16:57:15.218650000,x1,100.0892,208
0D16:57:15.218655000,x1,99.91857,16
0D16:57:15.229038000,x1,100.0749,175
0D16:57:15.229043000,x1,99.99937,420
0D16:57:15.239068000,x2,199.9211,196
0D16:57:15.239072000,x2,199.9224,97
0D16:57:15.248591000,x2,200.0904,318
0D16:57:15.248594000,x2,199.9407,183
0D16:57:15.259370000,x2,200.0808,425
0D16:57:15.259375000,x2,199.991,476
0D16:57:15.268945000,x1,99.97119,17
0D16:57:15.268950000,x1,99.97651,349
0D16:57:15.278684000,x1,100.0113,211
0D16:57:15.278690000,x1,99.98053,367
0D16:57:15.288848000,x2,200.0272,182
0D16:57:15.288853000,x2,200.0656,417
0D16:57:15.299163000,x3,299.9286,187
0D16:57:15.299167000,x3,299.954,169
0D16:57:15.308292000,x2,200.0706,259
0D16:57:15.308298000,x2,199.9162,41
0D16:57:15.318462000,x3,300.0132,178
0D16:57:15.318468000,x3,299.9447,227
0D16:57:15.328572000,x1,100.0463,132
0D16:57:15.328577000,x1,99.99203,219
0D16:57:15.339143000,x3,299.9439,478
0D16:57:15.339149000,x3,299.9558,451
0D16:57:15.348517000,x3,299.9299,112
0D16:57:15.348532000,x3,300.0564,40
0D16:57:15.359538000,x1,99.95809,405
0D16:57:15.359553000,x1,99.94187,356
0D16:57:15.369374000,x1,99.90595,139
0D16:57:15.369390000,x1,99.90861,241
0D16:57:15.379411000,x3,300.0204,155
0D16:57:15.379428000,x3,299.9492,81
0D16:57:15.389247000,x1,99.95948,224
0D16:57:15.389255000,x1,99.92273,285
0D16:57:15.398504000,x3,299.9798,120
0D16:57:15.398508000,x3,300.0241,132
0D16:57:15.408997000,x3,300.0945,77
0D16:57:15.409001000,x3,300.0893,386
0D16:57:15.418659000,x2,199.909,386
0D16:57:15.418674000,x2,199.971,473
0D16:57:15.429170000,x2,200.0688,179
0D16:57:15.429185000,x2,200.0174,195
0D16:57:15.439243000,x1,100.0057,318
0D16:57:15.439259000,x1,99.95042,31
0D16:57:15.479438000,x3,300.0622,459
0D16:57:15.479449000,x3,300.0607,338
0D16:57:15.488852000,x3,300.0416,100
0D16:57:15.488864000,x3,299.9456,494
0D16:57:15.499096000,x2,199.9276,445
0D16:57:15.499108000,x2,199.9403,485
0D16:57:15.519192000,x3,299.9859,265
0D16:57:15.519204000,x3,299.9676,266
0D16:57:15.529157000,x3,299.9033,91
0D16:57:15.529169000,x3,300.003,134
0D16:57:15.539485000,x1,99.95173,203
0D16:57:15.539497000,x1,100.0205,245
0D16:57:15.548829000,x3,300.063,28
0D16:57:15.548841000,x3,300.0739,71
0D16:57:15.558762000,x2,200.0664,312
0D16:57:15.558774000,x2,199.9019,425
0D16:57:15.568829000,x3,300.059,362
0D16:57:15.568841000,x3,299.99,139
0D16:57:15.579474000,x1,100.06,405
0D16:57:15.579486000,x1,99.91492,18
0D16:57:15.588827000,x3,299.9283,196
0D16:57:15.588839000,x3,299.9846,13
0D16:57:15.598830000,x1,99.92428,295
0D16:57:15.598841000,x1,99.90712,39
0D16:57:15.609038000,x3,300.0971,178
0D16:57:15.609049000,x3,300.0275,38
0D16:57:15.618747000,x2,199.964,64
0D16:57:15.618755000,x2,200.014,3
0D16:57:15.628940000,x1,100.0407,301
0D16:57:15.628946000,x1,100.0678,100
0D16:57:15.638810000,x2,199.9966,26
0D16:57:15.638814000,x2,199.9835,65
0D16:57:15.648664000,x1,99.97723,10
0D16:57:15.648668000,x1,100.0142,32
0D16:57:15.658533000,x1,100.083,174
0D16:57:15.658537000,x1,100.0165,61
0D16:57:15.668383000,x1,100.0869,199
0D16:57:15.668400000,x1,99.96638,426
0D16:57:15.678368000,x2,200.0089,71
0D16:57:15.678401000,x2,200.0364,485
0D16:57:15.688435000,x1,100.0147,231
0D16:57:15.688442000,x1,99.91886,188
0D16:57:15.699101000,x3,300.0122,103
0D16:57:15.699105000,x3,300.0603,186
0D16:57:15.709641000,x3,300.0341,321
0D16:57:15.709645000,x3,300.0027,222
0D16:57:15.718978000,x1,99.92771,246
0D16:57:15.718982000,x1,99.93438,300
0D16:57:15.728434000,x2,200.0117,194
0D16:57:15.728439000,x2,199.9043,128
0D16:57:15.738483000,x2,200.0871,48
0D16:57:15.738488000,x2,200.0475,87
0D16:57:15.748518000,x1,99.9271,39
0D16:57:15.748523000,x1,99.91116,282
0D16:57:15.758435000,x1,100.0605,163
0D16:57:15.758440000,x1,99.96918,40
0D16:57:15.768406000,x1,99.93852,354
0D16:57:15.768410000,x1,99.90358,395
0D16:57:15.789647000,x2,200.0527,469
0D16:57:15.789657000,x2,199.9098,24
0D16:57:15.798565000,x1,100.0714,259
0D16:57:15.798572000,x1,100.0697,441
0D16:57:15.808547000,x3,299.9266,346
0D16:57:15.808553000,x3,299.9385,396
0D16:57:15.818548000,x3,299.9577,17
0D16:57:15.818552000,x3,300.0419,176
0D16:57:15.828723000,x3,300.0982,470
0D16:57:15.828733000,x3,299.9642,122
0D16:57:15.858437000,x1,99.91445,339
0D16:57:15.858442000,x1,99.98308,94
0D16:57:15.868756000,x3,299.9471,25
0D16:57:15.868760000,x3,299.9589,335
0D16:57:15.878858000,x1,99.98436,122
0D16:57:15.878862000,x1,100.0954,143
0D16:57:15.888795000,x1,99.93302,234
0D16:57:15.888802000,x1,100.0502,321
0D16:57:15.899330000,x1,100.0181,282
0D16:57:15.899335000,x1,99.95462,201
0D16:57:15.908484000,x2,199.9438,236
0D16:57:15.908489000,x2,199.9498,158
0D16:57:15.919199000,x2,200.0811,231
0D16:57:15.919214000,x2,199.9093,249
0D16:57:15.929294000,x2,199.9903,139
0D16:57:15.929309000,x2,200.0604,232
0D16:57:15.939286000,x3,299.9804,356
0D16:57:15.939298000,x3,299.9213,311
0D16:57:15.949591000,x1,100.0512,217
0D16:57:15.949598000,x1,99.96542,298
0D16:57:15.959216000,x3,299.9013,388
0D16:57:15.959222000,x3,299.9587,216
0D16:57:15.968529000,x3,299.9444,370
0D16:57:15.968534000,x3,299.9443,78
0D16:57:15.978376000,x1,100.083,476
0D16:57:15.978382000,x1,100.0228,480
0D16:57:15.989152000,x1,100.0363,456
0D16:57:15.989159000,x1,100.0942,57
0D16:57:15.999036000,x3,300.085,463
0D16:57:15.999041000,x3,299.9651,81
0D16:57:16.009061000,x1,100.0668,459
0D16:57:16.009065000,x1,100.0613,303
0D16:57:16.018614000,x2,200.0997,384
0D16:57:16.018617000,x2,199.9638,202
0D16:57:16.028238000,x2,200.0813,390
0D16:57:16.028255000,x2,200.0995,271
0D16:57:16.039282000,x1,99.99181,38
0D16:57:16.039298000,x1,100.0032,56
0D16:57:16.049216000,x2,199.9814,223
0D16:57:16.049224000,x2,199.9881,358
0D16:57:16.059203000,x1,99.92368,466
0D16:57:16.059210000,x1,100.0351,277
0D16:57:16.078428000,x2,199.978,168
0D16:57:16.078433000,x2,200.0868,419
0D16:57:16.088363000,x1,99.92864,219
0D16:57:16.088375000,x1,99.94653,326
0D16:57:16.098989000,x1,99.99476,172
0D16:57:16.098993000,x1,100.0122,5
0D16:57:16.118663000,x1,99.94789,487
0D16:57:16.118680000,x1,100.0965,342
0D16:57:16.128704000,x2,199.9266,76
0D16:57:16.128709000,x2,200.0893,175
0D16:57:16.138774000,x1,100.0028,207
0D16:57:16.138782000,x1,99.97336,69
0D16:57:16.159015000,x3,299.9557,46
0D16:57:16.159029000,x3,300.084,238
0D16:57:16.169488000,x2,200.0324,311
0D16:57:16.169493000,x2,199.9455,498
0D16:57:16.178494000,x2,200.012,134
0D16:57:16.178505000,x2,200.0856,425
0D16:57:16.199941000,x2,200.092,236
0D16:57:16.199957000,x2,200.0535,222
0D16:57:16.208800000,x1,99.9126,161
0D16:57:16.208804000,x1,100.079,399
0D16:57:16.228608000,x3,299.9634,297
0D16:57:16.228612000,x3,299.9394,288
0D16:57:16.239357000,x2,200.0193,39
0D16:57:16.239361000,x2,199.9064,131
0D16:57:16.248524000,x3,300.0172,292
0D16:57:16.248529000,x3,299.9331,50
0D16:57:16.258488000,x1,99.90186,476
0D16:57:16.258507000,x1,100.0332,208
0D16:57:16.268787000,x3,300.0795,108
0D16:57:16.268790000,x3,299.9895,359
0D16:57:16.279077000,x1,100.0736,361
0D16:57:16.279082000,x1,100.0192,447
0D16:57:16.298668000,x1,100.0066,256
0D16:57:16.298673000,x1,100.0549,160
0D16:57:16.308462000,x2,200.0827,257
0D16:57:16.308466000,x2,199.9144,25
0D16:57:16.318342000,x2,200.065,384
0D16:57:16.318347000,x2,199.9481,140
0D16:57:16.328465000,x3,300.0265,350
0D16:57:16.328470000,x3,300.0641,248
0D16:57:16.339290000,x2,199.9607,270
0D16:57:16.339295000,x2,199.935,78
0D16:57:16.349034000,x2,199.9271,485
0D16:57:16.349039000,x2,200.0601,451
0D16:57:16.358669000,x2,199.9904,176
0D16:57:16.358674000,x2,200.0563,117
0D16:57:16.368830000,x2,199.962,69
0D16:57:16.368835000,x2,199.9282,302
0D16:57:16.378441000,x1,100.0844,19
0D16:57:16.378458000,x1,100.0416,221
0D16:57:16.389318000,x3,300.0124,295
0D16:57:16.389333000,x3,300.0224,333
0D16:57:16.399250000,x3,300.0314,256
0D16:57:16.399265000,x3,300.0018,371
0D16:57:16.409553000,x1,100.0596,170
0D16:57:16.409568000,x1,100.0921,164
0D16:57:16.429533000,x3,299.9184,338
0D16:57:16.429548000,x3,299.9537,264
0D16:57:16.448911000,x1,99.90402,115
0D16:57:16.448920000,x1,100.0678,263
0D16:57:16.458892000,x3,299.976,429
0D16:57:16.458901000,x3,300.0332,307
0D16:57:16.469091000,x1,100.0962,104
0D16:57:16.469100000,x1,100.0616,218
0D16:57:16.479192000,x2,200.0292,428
0D16:57:16.479201000,x2,200.0047,123
0D16:57:16.489492000,x2,199.9593,381
0D16:57:16.489501000,x2,199.9213,50
0D16:57:16.499330000,x2,200.0919,379
0D16:57:16.499334000,x2,200.0962,335
0D16:57:16.518717000,x3,300.0118,90
0D16:57:16.518721000,x3,300.0922,319
0D16:57:16.529303000,x2,200.0465,292
0D16:57:16.529307000,x2,199.9082,433
0D16:57:16.549388000,x1,99.93492,318
0D16:57:16.549404000,x1,100.0521,16
0D16:57:16.559333000,x1,100.0973,176
0D16:57:16.559349000,x1,99.93246,487
0D16:57:16.569326000,x1,99.90871,121
0D16:57:16.569342000,x1,99.94531,210
0D16:57:16.579827000,x3,300.0277,167
0D16:57:16.579838000,x3,300.0522,346
0D16:57:16.589288000,x2,199.9982,172
0D16:57:16.589297000,x2,199.9887,428
0D16:57:16.609218000,x2,199.9404,75
0D16:57:16.609227000,x2,199.9691,140
0D16:57:16.619209000,x2,200.0085,280
0D16:57:16.619218000,x2,200.0508,107
0D16:57:16.628988000,x1,100.0968,371
0D16:57:16.628997000,x1,100.0338,236
0D16:57:16.638917000,x2,199.9273,434
0D16:57:16.638923000,x2,200.0927,298
0D16:57:16.648896000,x2,199.9935,348
0D16:57:16.648900000,x2,200.0923,294
0D16:57:16.658877000,x2,199.9724,485
0D16:57:16.658883000,x2,199.9189,435
0D16:57:16.668833000,x1,99.95963,255
